% This file was created with JabRef 2.6.
% Encoding: ISO8859_1

@INPROCEEDINGS{Diaz2011cca,
  author = {Javier Diaz and Andrew J. Younge and Gregor von Laszewski and Fugang
	Wang and Geoffrey C. Fox},
  title = {{Grappling Cloud Infrastructure Services with a Generic Image Repository}},
  booktitle = {Proceedings of Cloud Computing and Its Applications (CCA 2011)},
  year = {2011},
  address = {Argonne, IL},
  month = {Mar},
  owner = {ajy4490},
  timestamp = {2011.05.16}
}

@INPROCEEDINGS{DiFonzo2010ggccca,
  author = {Nicholas DiFonzo and Martin J. Bourgeois and Jerry M. Suls and Christopher
	Homan and Andrew J. Younge and Nicholas Schwab and Meghan Frazee
	and Samuel Brougher and Kathryn Harter},
  title = {{Network Segmentation and Group Segregation Effects on Defensive
	Rumor Belief Bias and Self Organization}},
  booktitle = {Proceedings of the George Gerbner Conference on Communication, Conflict,
	and Aggression},
  year = {2010},
  address = {Budapest, Hungary},
  month = {May},
  owner = {ajy4490},
  timestamp = {2010.12.06}
}

@INPROCEEDINGS{las2011fgim,
  author = {von Laszewski, Gregor and Diaz, Javier and Wang, Fugang and Younge,Andrew
	J. and Kulshrestha, Archit and Fox, Geoffrey},
  title = {{Towards generic FutureGrid image management}},
  booktitle = {Proceedings of the 2011 TeraGrid Conference: Extreme Digital Discovery},
  year = {2011},
  series = {TG '11},
  pages = {15:1--15:2},
  address = {Salt Lake City, UT},
  publisher = {ACM},
  acmid = {2016758},
  articleno = {15},
  doi = {http://doi.acm.org/10.1145/2016741.2016758},
  isbn = {978-1-4503-0888-5},
  keywords = {cloud computing, image generation, image management, image repository},
  location = {Salt Lake City, Utah},
  numpages = {2},
  url = {http://doi.acm.org/10.1145/2016741.2016758}
}

@INPROCEEDINGS{las2010gce,
  author = {Gregor von Laszewski and Geoffrey C. Fox and Fugang Wang and Andrew
	J. Younge and Archit Kulshrestha and Greg Pike},
  title = {{Design of the FutureGrid Experiment Management Framework}},
  booktitle = {Proceedings of Gateway Computing Environments 2010 at Supercomputing
	2010},
  year = {2010},
  address = {New Orleans, LA},
  month = {Nov},
  publisher = {IEEE},
  owner = {ajy4490},
  timestamp = {2010.12.07},
  url = {http://grids.ucs.indiana.edu/ptliupages/publications/vonLaszewski-10-FG-exp-GCE10.pdf}
}

@INPROCEEDINGS{las07javascript,
  author = {Gregor von Laszewski and Fugang Wang and Andrew J. Younge and Zhenhua
	Guo and Marlon Pierce},
  title = {{JavaScript Grid Abstractions}},
  booktitle = {Proceedings of the Grid Computing Environments 2007 at Supercomputing
	2007},
  year = {2007},
  address = {Reno, NV},
  month = {Nov},
  publisher = {IEEE},
  timestamp = {2008.12.04},
  url = {http://cyberaide.googlecode.com/svn/trunk/papers/07-javascript/vonLaszewski-07-javascript.pdf}
}

@INPROCEEDINGS{las08javascript,
  author = {Gregor von Laszewski and Fugang Wang and Andrew J. Younge and Xi
	He and Zhenhua Guo and Marlon Pierce},
  title = {{Cyberaide JavaScript: A JavaScript Commodity Grid Kit}},
  booktitle = {Proceedings of the Grid Computing Environments 2007 at Supercomputing
	2008},
  year = {2008},
  address = {Austin, TX},
  month = {Nov},
  publisher = {IEEE},
  url = {http://cyberaide.googlecode.com/svn/trunk/papers/08-javascript/vonLaszewski-08-javascript.pdf}
}

@INPROCEEDINGS{las09cluster,
  author = {Gregor von Laszewski and Lizhe Wang and Andrew J. Younge and Xi He},
  title = {{Power-Aware Scheduling of Virtual Machines in DVFS-enabled Clusters}},
  booktitle = {Proceedings of the 2009 IEEE International Conference on Cluster
	Computing (Cluster 2009)},
  year = {2009},
  address = {New Orleans, LA},
  month = {Sep},
  publisher = {IEEE},
  citeseerurl = {http://dx.doi.org/10.1109/GREENCOMP.2010.5598294},
  status = {accepted},
  timestamp = {2009.06.21}
}

@INPROCEEDINGS{las09ccgrid,
  author = {Gregor von Laszewski and Andrew J. Younge and Xi He and Kumar Mahinthakumar
	and Lizhe Wang},
  title = {{Experiment and Workflow Management Using Cyberaide Shell}},
  booktitle = {Proceedings of the 4th International Workshop on Workflow Systems
	in e-Science (WSES 09) with 9th IEEE/ACM International Symposium
	on Cluster Computing and the Grid (CCGrid 09)},
  year = {2009},
  month = {May},
  publisher = {IEEE},
  optaddress = {Shanghai, China},
  optmonth = {May},
  url = {http://cyberaide.googlecode.com/svn/trunk/papers/09-gridshell-ccgrid/vonLaszewski-ccgrid09-final.pdf}
}

@ARTICLE{Stupak2010chb,
  author = {Noah Stupak and Nicholas DiFonzo and Andrew J. Younge and Christopher
	Homan},
  title = {{SOCIALSENSE: Graphical User Interface Design Considerations for
	Social Network Experiment Software}},
  journal = {Computers in Human Behavior},
  year = {2010},
  volume = {26},
  pages = {365--370},
  number = {3},
  month = {May},
  doi = {DOI: 10.1016/j.chb.2009.11.007},
  owner = {ajy4490},
  timestamp = {2010.12.07}
}

@INPROCEEDINGS{las09ispan,
  author = {Lizhe Wang and Gregor von Laszewski and Jai Dayal and Xi He and Andrew
	J. Younge and Thomas R. Furlani},
  title = {{Towards Thermal Aware Workload Scheduling in a Data Center}},
  booktitle = {{Proceedings of the 10th International Symposium on Pervasive Systems,
	Algorithms and Networks (ISPAN2009)}},
  year = {2009},
  address = {Kao-Hsiung, Taiwan},
  month = {Dec},
  url = {http://cyberaide.googlecode.com/svn/trunk/papers/09-greenit-ispan1/vonLaszewski-ispan1.pdf}
}

@ARTICLE{Wang2010ngc,
  author = {Lizhe Wang and Gregor von Laszewski and Andrew J. Younge and Xi He
	and Marcel Kunze and Jie Tao},
  title = {{Cloud Computing: a Perspective Study}},
  journal = {New Generation Computing},
  year = {2010},
  volume = {28},
  pages = {63-69},
  month = {Mar},
  optnote = {Springer & Ohmsha, Ltd.},
  url = {http://cyberaide.googlecode.com/svn/trunk/papers/10-cloudcomputing-NGC/vonLaszewski-10-NGC.pdf}
}

@MASTERSTHESIS{Younge2010thesis,
  author = {Andrew J. Younge},
  title = {{Towards a Green Framework for Cloud Data Centers}},
  school = {Rochester Institute of Technology},
  year = {2010},
  address = {Rochester, NY USA},
  month = {May},
  owner = {ajy4490},
  timestamp = {2010.12.07}
}

@MISC{Younge2010cloudcom,
  author = {Andrew J. Younge and James T. Brown and Robert Henschel and Judy
	Qiu and Geoffrey C. Fox},
  title = {{Performance Analysis of HPC Virtualization Technologies within FutureGrid}},
  howpublished = {Emerging Research at CloudCom 2010},
  month = {Dec},
  year = {2010},
  owner = {ajy4490},
  timestamp = {2010.12.07}
}

@MISC{Younge2009tg,
  author = {Andrew J. Younge and Xi He and Fugang Wang and Lizhe Wang and Gregor
	von Laszewski},
  title = {{Towards a Cyberaide Shell for the TeraGrid}},
  howpublished = {Poster at TeraGrid Conference},
  month = {Jun},
  year = {2009},
  owner = {ajy4490},
  timestamp = {2010.12.07}
}

@INPROCEEDINGS{Younge2011cloud,
  author = {Andrew J. Younge and Robert Henschel and James T. Brown and Gregor
	von Laszewski and Judy Qiu and Geoffrey C. Fox},
  title = {{Analysis of Virtualization Technologies for High Performance Computing
	Environments}},
  booktitle = {Proceedings of the 4th International Conference on Cloud Computing
	(CLOUD 2011)},
  year = {2011},
  address = {Washington, DC},
  month = {July},
  publisher = {IEEE},
  owner = {ajy4490},
  timestamp = {2011.05.16}
}

@INCOLLECTION{Younge2011eagc,
  author = {Andrew J. Younge and Gregor von Laszewski and Lizhe Wang and Geoffrey
	C. Fox},
  title = {{Providing a Green Framework for Cloud Based Data Centers}},
  booktitle = {The Handbook of Energy-Aware Green Computing},
  publisher = {Chapman and Hall/CRC Press},
  year = {2011},
  editor = {Ishfaq Ahmad and Sanjay Ranka},
  chapter = {17},
  note = {in press},
  owner = {ajy4490},
  timestamp = {2010.12.07}
}

@INPROCEEDINGS{Younge2010igcc,
  author = {Andrew J. Younge and Gregor von Laszewski and Lizhe Wang and Sonia
	Lopez-Alarcon and Warren Carithers},
  title = {{Efficient Resource Management for Cloud Computing Environments}},
  booktitle = {Proceedings of the International Conference on Green Computing},
  year = {2010},
  address = {Chicago, IL},
  month = {Aug},
  publisher = {IEEE},
  doi = {http://dx.doi.org/10.1109/GREENCOMP.2010.5598294},
  owner = {ajy4490},
  timestamp = {2010.12.01},
  url = {http://dx.doi.org/10.1109/GREENCOMP.2010.5598294}
}

@INPROCEEDINGS{Younge2011chi,
  author = {Andrew J. Younge and Vinod Periasamy and Mohammed Al-Azdee and William
	Hazlewood and Kay Connelly},
  title = {{ScaleMirror: A Pervasive Device to Aid Weight Analysis}},
  booktitle = {Proceedings of the 29h International Conference Extended Abstracts
	on Human Factors in Computing Systems (CHI2011)},
  year = {2011},
  address = {Vancouver, BC},
  month = {May},
  publisher = {ACM},
  owner = {ajy4490},
  timestamp = {2011.02.11}
}

@MISC{Younge2009issgc,
  author = {Andrew J. Younge and Fugang Wang and Lizhe Wang and Gregor von Laszewski},
  title = {{Cyberaide Shell Prototype}},
  howpublished = {Poster at ISSGC 2009},
  month = {Jul},
  year = {2009},
  owner = {ajy4490},
  timestamp = {2010.12.07}
}

