


@INPROCEEDINGS{futuregrid, 
author={von Laszewski, G. and Fox, G.C. and Fugang Wang and Younge, A.J. and Kulshrestha, A. and Pike, G.G. and Smith, W. and Vöckler, J. and Figueiredo, R.J. and Fortes, J. and Keahey, K.}, 
booktitle={Gateway Computing Environments Workshop (GCE), 2010}, 
title={Design of the FutureGrid experiment management framework}, 
year={2010}, 
month={Nov}, 
pages={1-10}, 
OPTkeywords={cloud computing;grid computing;FutureGrid experiment management framework;cloud software stack;grid software stack;software tools;Clouds;Communities;Dynamic scheduling;Hardware;Home appliances;Middleware;Software}, 
OPTdoi={10.1109/GCE.2010.5676126}, 
ISSN={2152-1085},}


@inproceedings{SRIOVInfiniband,
author = {Jithin Jose and Mingzhe Li and Xiaoyi Lu and Krishna Chaitanya Kandalla and Mark Daniel Arnold and Dhabaleswar K. Panda},
title = {{SR-IOV} Support for Virtualization on InfiniBand Clusters: Early Experience},
booktitle ={Cluster Computing and the Grid, IEEE International Symposium on},
year = {2013},
pages = {385-392},
publisher = {IEEE Computer Society},
}
@misc{Arcangeli:2010,
	Author = {A. Arcangeli},
	Institution = {RedHat},
	howpublished = "\url{http://www.linux-kvm.org/wiki/images/9/9e/2010-forum-thp.pdf}",
	note = "[Online; accessed Jan. 29, 2014]",
	year = {2010},
	Title = {Transparent Hugepage Support}


}

@INPROCEEDINGS{Duato2010rc, 
author={Duato, J. and Pena, A.J. and Silla, F. and Mayo, R. and Quintana-Ortí, E.S.}, 
booktitle={High Performance Computing and Simulation (HPCS), 2010 International Conference on}, 
title={{rCUDA}: Reducing the number of GPU-based accelerators in high performance clusters}, 
year={2010}, 
month={June}, 
pages={224-231}, 
keywords={computer graphic equipment;coprocessors;power aware computing;workstation clusters;GPU-based accelerators;energy consumption;general purpose computing;graphics processing units;high performance clusters;high performance computing;power consumption;rCUDA;Acceleration;Driver circuits;Graphics processing unit;Kernel;Libraries;Runtime;Servers;CUDA;Energy saving;clusters;high performance computing;virtualization}, 
OPTdoi={10.1109/HPCS.2010.554712}
}

@inproceedings{Danalis:2010,
 author = {Danalis, Anthony and Marin, Gabriel and McCurdy, Collin and Meredith, Jeremy S. and Roth, Philip C. and Spafford, Kyle and Tipparaju, Vinod and Vetter, Jeffrey S.},
 title = {The {S}calable {H}eterogeneous {C}omputing ({SHOC}) Benchmark Suite},
 booktitle = {Proceedings of the 3rd Workshop on General-Purpose Computation on Graphics Processing Units},
 series = {GPGPU '10},
 year = {2010},
 isbn = {978-1-60558-935-0},
 location = {Pittsburgh, Pennsylvania},
 pages = {63--74},
 numpages = {12},
 OPTurl = {http://doi.acm.org/10.1145/1735688.1735702},
 OPTdoi = {10.1145/1735688.1735702},
 acmid = {1735702},
 publisher = {ACM}
} 

@incollection{giunta2010gvirtus,
year={2010},
isbn={978-3-642-15276-4},
booktitle={Euro-Par 2010 - Parallel Processing},
volume={6271},
series={Lecture Notes in Computer Science},
OPTeditor={D’Ambra, Pasqua and Guarracino, Mario and Talia, Domenico},
editor={D’Ambra, Pasqua},
OPTdoi={10.1007/978-3-642-15277-1_37},
title={A {GPGPU} Transparent Virtualization Component for High Performance Computing Clouds},
OPTurl={http://dx.doi.org/10.1007/978-3-642-15277-1_37},
publisher={Springer},
keywords={Grid; Cloud; High-performance computing; many core; Virtualization; Graphic processing units; Hypervisor; GPGPU},
author={Giunta, Giulio and Montella, Raffaele and Agrillo, Giuseppe and Coviello, Giuseppe},
pages={379-391}
}
@techreport{younge2013,
  title={Evaluating {GPU} Passthrough in Xen for High Performance Cloud Computing},
  author={Andrew J. Younge and John Paul Walters and Stephen Crago and Geoffrey C. Fox},
  year={2013},
  institution={Technical Report, Indiana University}
}

@techreport{vmwarepci,
  title={Configuration Examples and Troubleshooting for {VMDirectPath}},
  author={VMWare},
  year={2013},
  institution={Technical Note, VMWare}
}



@inproceedings{jujjuri2010virtfs,
  title={{VirtFS}-A virtualization aware File System passthrough},
  author={Jujjuri, Venkateswararao and Van Hensbergen, Eric and Liguori, Anthony and Pulavarty, Badari},
  booktitle={Ottawa Linux Symposium},
  year={2010}
}


@article{rixner2008network,
  title={Network virtualization: Breaking the performance barrier},
  author={Rixner, Scot},
  journal={Queue},
  volume={6},
  number={1},
  pages={37},
  year={2008},
  publisher={ACM}
}

@inproceedings{dong2008sr,
  title={{SR-IOV} Networking in Xen: Architecture, Design and Implementation.},
  author={Dong, Yaozu and Yu, Zhao and Rose, Greg},
  booktitle={Workshop on I/O Virtualization, USENIX},
  year={2008}
}

@INPROCEEDINGS{liu2010ipdps, 
author={Jiuxing Liu}, 
booktitle={Parallel Distributed Processing (IPDPS), 2010 IEEE International Symposium on}, 
title={Evaluating standard-based self-virtualizing devices: A performance study on 10 {GbE} {NICs} with {SR-IOV} support}, 
year={2010}, 
month={April}, 
pages={1-12}, 
keywords={local area networks;network interfaces;peripheral interfaces;virtual machines;Ethernet NIC;IRQ affinity;IRQ distribution;PCI Express device;PCIe device;SR-IOV support;TCP communication;kernel-based virtual machine;multiple processor;software-based I/O virtualization;standard-based self-virtualizing device;Bandwidth;Checkpointing;Degradation;Ethernet networks;Hardware;High-speed networks;Measurement;Switches;Virtual machining;Virtual manufacturing;10 Gigabit Ethernet;I/O;KVM;SR-IOV;VM;virtio;virtual machine;virtualization}, 
doi={10.1109/IPDPS.2010.5470365}, 
ISSN={1530-2075},}


@inproceedings{ben2007price,
  title={The price of safety: Evaluating {IOMMU} performance},
  author={Ben-Yehuda, Muli and Xenidis, Jimi and Ostrowski, Michal and Rister, Karl and Bruemmer, Alexis and Van Doorn, Leendert},
  booktitle={Ottawa Linux Symposium},
  OPTpages={9--20},
  year={2007}
}

@techreport{yassour2008direct,
  title={Direct device assignment for untrusted fully-virtualized virtual machines},
  author={Yassour, Ben-Ami and Ben-Yehuda, Muli and Wasserman, Orit},
  year={2008},
  institution={IBM Research}
}

@inproceedings{Jacob1998,
 author = {Jacob, Bruce L. and Mudge, Trevor N.},
 title = {A Look at Several Memory Management Units, {TLB}-refill Mechanisms, and Page Table Organizations},
 booktitle = {Proceedings of the Eighth International Conference on Architectural Support for Programming Languages and Operating Systems},
 OPTseries = {ASPLOS VIII},
 year = {1998},
 OPTisbn = {1-58113-107-0},
 OPTlocation = {San Jose, California, USA},
 pages = {295--306},
 numpages = {12},
 OPTurl = {http://doi.acm.org/10.1145/291069.291065},
 OPTdoi = {10.1145/291069.291065},
 acmid = {291065},
 publisher = {ACM},
} 

@article{hiremane2007intel,
  title={Intel virtualization technology for directed {I/O} ({Intel VT-d})},
  author={Hiremane, R},
  journal={Technology@ Intel Magazine},
  volume={4},
  number={10},
  year={2007}
}


@techreport{intelvtd,
  title={Intel virtualization for direct {I/O}: Architecture Specification Rev 2.2},
  author={Intel},
  institution= {Intel Corp},
  year={2013}
}

@techreport{amd2007technology,
  title={Technology ({IOMMU}) Specification},
  author={AMD} ,
  institution= {Advanced Micro Devices, Inc},
  year={2007}
}

@misc{LAMMPS,
title = {{LAMMPS} Molecular Dynamics Simulator},
howpublished = "\url{http://lammps.sandia.gov/}",
note = "[Online; accessed Jan. 2, 2014]"
}

@article{Plimpton1995,
title = "Fast Parallel Algorithms for Short-Range Molecular Dynamics ",
journal = "Journal of Computational Physics ",
volume = "117",
number = "1",
pages = "1 - 19",
year = "1995",
note = "",
issn = "0021-9991",
doi = "http://dx.doi.org/10.1006/jcph.1995.1039",
author = "Steve Plimpton"
}

@misc{LAMMPSGPU,
title = {{GPU} Acceleration in {LAMMPS}},
howpublished = "\url{http://lammps.sandia.gov/workshops/Aug11/Brown/brown11.pdf}",
note = "[Online; accessed Jan. 2, 2014]",
author = "W. Michael Brown"
}

@misc{LULESH,
title = {{LULESH} Shock Hydrodynamics Application},
howpublished = "\url{https://codesign.llnl.gov/lulesh.php}",
note = "[Online; accessed Jan. 2, 2014]"
}

@misc{LLNL-TR-60882411,
title = {{LULESH} Programming Model and Performance Ports Overview},
howpublished = "\url{https://codesign.llnl.gov/pdfs/lulesh_Ports.pdf}",
note = "[Online; accessed Jan. 2, 2014]",
pages = "1 - 17",
year = "2012",
author = {D. Laney and E. Luke and S. Lloyd and J. McGraw and R. Neely and D. Richards and 
M. Schulz and C. H. Still and F. Wang and D. Wong},
publisher = "Lawrence Livermore National Laboratory",
note = "LLNL-TR-608824"
}

@misc{LLNL-TR-490254,
title = {{Hydrodynamics Challenge Problem}},
howpublished = "\url{https://codesign.llnl.gov/pdfs/spec-7.pdf}",
note = "[Online; accessed Jan. 2, 2014]",
publisher = "Lawrence Livermore National Laboratory",
note = "LLNL-TR-490254"
}

@INPROCEEDINGS{Karlin:2013, 
author={I. Karlin and A. Bhatele and J. Keasler and B.L. Chamberlain and
J. Cohen and Z. DeVito and R. Haque and D. Laney and E. Luke and F. Wang
and D. Richards and M. Schulz and C.H. Still}, 
booktitle={27th IEEE International Symposium on Parallel Distributed Processing (IPDPS)}, 
title={{Exploring Traditional and Emerging Parallel Programming Models Using a
Proxy Application}}, 
year={2013}, 
pages={919-932}, 
doi={10.1109/IPDPS.2013.115}, 
ISSN={1530-2075}
}

@INPROCEEDINGS{Yang:2012, 
author={C.T. Yang and H.Y. Wang and W.S. Ou and Y.T. Liu and C.H. Hsu},
booktitle={4th IEEE International Conference on Cloud Computing Technology and
Science Proceedings (CloudCom)},
title={{On implementation of GPU virtualization using PCI pass-through}},
year={2012}, 
OPTpages={711-716}, 
doi={10.1109/CloudCom.2012.6427531},
ISBN={978-1-4673-4511-8}
}

@article{Yang2012,
title = "Using {PCI} Pass-Through for {GPU} Virtualization with {CUDA}",
journal = "Network and Parallel Computing, Lecture Notes in Computer Science",
volume = "7513",
pages = "445 - 452",
year = "2012",
note = "",
issn = "0302-9743",
doi = "10.1007/978-3-642-35606-3_53",
author = "C.T. Yang and H.Y. Wang and Y.T. Liu"
}

@article{Dowty2009,
title = "{GPU} virtualization on {VMware's} hosted {I/O} architecture",
journal = "ACM SIGOPS Operating Systems Review",
volume = "43",
number = "3",
pages = "73 - 82",
year = "2009",
note = "",
issn = "0163-5980",
doi = "10.1145/1618525.1618534",
author = "M. Dowty and J. Sugerman"
}

@INPROCEEDINGS{Kato:2012, 
author={S. Kato and M. McThrow and C. Maltzahn and S. Brandt},
booktitle={USENIX ATC'12 Proceedings},
title={{Gdev}: first-class {GPU} resource management in the operating system},
year={2012}
}

@INPROCEEDINGS{Gupta:2009, 
author={V. Gupta and A. Gavrilovska and K. Schwan and H. Kharche and N. Tolia and V. Talwar and P. Ranganathan},
booktitle={HPCVirt '09 Proceedings of the 3rd ACM Workshop on System-level
Virtualization for High Performance Computing},
title={{GViM}: {GPU}-accelerated virtual machines},
year={2009}, 
pages={17-24}, 
doi={10.1145/1519138.1519141},
ISBN={978-1-60558-465-2}
}

@INPROCEEDINGS{Suzuki:2010, 
author={J. Suzuki and Y. Hidaka and J. Higuchi and T. Baba and N. Kami and T. Yoshikawa},
booktitle={18th IEEE Symposium on High Performance Interconnects},
title={{Multi-root Share of {S}ingle-{R}oot {I/O} {V}irtualization ({SR-IOV}) Compliant {PCI Express} Device}},
year={2010}, 
pages={25-31}, 
doi={10.1109/HOTI.2010.21},
ISBN={978-0-7695-4208-9}
}

@INPROCEEDINGS{Nakada:2012, 
author={H. Nakada and Y. Tanaka and T. Hirofuchi and T. Kudoh and R. Takano},
booktitle={IEEE 8th International Conference on E-Science (e-Science)},
title={{Cooperative {VM} migration for a virtualized {HPC} cluster with {VMM}-bypass {I/O} devices}},
year={2012}, 
pages={1-8}, 
doi={10.1109/eScience.2012.6404487},
ISBN={978-1-4673-4467-8}
}

@INPROCEEDINGS{Potluri:2013, 
author={S. Potluri and K. Hamidouche and A. Venkatesh and D. Bureddy and D. K. Panda},
booktitle={42nd International Conference on Parallel Processing (ICPP)},
title={Efficient Inter-node {MPI} Communication using {GPUDirect RDMA} for {InfiniBand} Clusters with {NVIDIA GPUs}},
year={2013}, 
pages={80-89}, 
doi={10.1109/ICPP.2013.17},
ISSN={0190-3918}
}

@INPROCEEDINGS{Song:2013, 
author={S. Song and C. Su and B. Rountree and K.W. Cameron},
booktitle={IEEE 27th International Symposium on Parallel and Distributed Processing},
title={A Simplified and Accurate Model of Power-Performance Efficiency on Emergent {GPU} Architectures},
year={2013}, 
pages={673-686}, 
doi={10.1109/IPDPS.2013.73},
ISBN={978-0-7695-4971-2}
}

@InProceedings{Athanasopoulos:2011,
  author = 	 {Andreas Athanasopoulos and Anastasios Dimou and Vasileios Mezaris and Ioannis Kompatsiaris},
  title = 	 {{GPU} Acceleartion for Support Vector Machines},
  booktitle = {Proc 12th International Workshop on Image Analysis for Multimedia Interactive Services (WIAMIS 2001)},
  year = 	 2011,
  month = 	 {April},
}

@article{Chang:2011,
 author = {Chang, Chih-Chung and Lin, Chih-Jen},
 title = {{LIBSVM}: A Library for Support Vector Machines},
 journal = {ACM Trans. Intell. Syst. Technol.},
 issue_date = {April 2011},
 volume = {2},
 number = {3},
 month = may,
 year = {2011},
 issn = {2157-6904},
 pages = {27:1--27:27},
 articleno = {27},
 numpages = {27},
 OPTurl = {http://doi.acm.org/10.1145/1961189.1961199},
 doi = {10.1145/1961189.1961199},
 acmid = {1961199},
 publisher = {ACM},
 keywords = {Classification LIBSVM optimization regression support vector machines SVM},
} 
