% This file was created with JabRef 2.4.2.
% Encoding: Cp1252

@unpublished{rCUDAMellanox,
author = "Federico Silla",
title = {{rCUDA: share and aggregate GPUs in your cluster}},
month = Nov,
year = 2012,
note = "Mellanox Booth Presaentation"}



@INPROCEEDINGS{gCloud, 
author={Diab, K.M. and Rafique, M.M. and Hefeeda, M.}, 
booktitle={Parallel and Distributed Processing Symposium Workshops PhD Forum (IPDPSW), 2013 IEEE 27th International}, 
title={Dynamic Sharing of {GPU}s in Cloud Systems}, 
year={2013}, 
pages={947-954}, 
keywords={cloud computing;graphics processing units;Cloud Systems;Dynamic Sharing;GPU kernel executions;cloud computing environments;computational accelerators;concurrent applications;expensive GPU resources;gCloud;global memory;inter-application interference;local memory;on-demand computing resources;open stack cloud computing platform;Cloud computing;Context;Graphics processing units;Instruction sets;Kernel;Memory management;Message systems}, 
doi={10.1109/IPDPSW.2013.102},}



@incollection{yang2012using,
  title={Using PCI Pass-Through for GPU Virtualization with CUDA},
  author={Yang, Chao-Tung and Wang, Hsien-Yi and Liu, Yu-Tso},
  booktitle={Network and Parallel Computing},
  pages={445--452},
  year={2012},
  publisher={Springer}
}

@article{yang2013,
year={2013},
issn={0920-8542},
journal={The Journal of Supercomputing},
doi={10.1007/s11227-013-1034-4},
title={Implementation of GPU virtualization using PCI pass-through mechanism},
url={http://dx.doi.org/10.1007/s11227-013-1034-4},
publisher={Springer US},
keywords={CUDA; GPU virtualization; Cloud computing; PCI pass-through},
author={Yang, Chao-Tung and Liu, Jung-Chun and Wang, Hsien-Yi and Hsu, Ching-Hsien},
pages={1-31},
language={English}
}


@INPROCEEDINGS{bar08roadrunner,
  author = {Kevin J. Barker and Kei Davis and Adolfy Hoisie and Darren J. Kerbyson
	and Mike Lang and Scott Pakin and José Carlos Sancho},
  title = {{Entering the petaflop era: the architecture and performance of Roadrunner.}},
  booktitle = {SC},
  year = {2008},
  pages = {1},
  publisher = {IEEE/ACM},
  crossref = {conf/sc/2008},
  date = {2008-11-17},
  description = {dblp},
  ee = {http://doi.acm.org/10.1145/1413370.1413372},
  isbn = {978-1-4244-2835-9},
  keywords = {dblp },
  owner = {Jeremy},
  timestamp = {2009.02.04},
  url = {http://dblp.uni-trier.de/db/conf/sc/sc2008.html\#BarkerDHKLPS08}
}

@ELECTRONIC{bus09busybox,
  author = {Erik Andersen},
  title = {{BusyBox: The Swiss Army Knife of Embedded Linux}},
  note = {http://www.busybox.net/},
  owner = {Jeremy},
  timestamp = {2009.04.22}
}

@INPROCEEDINGS{bob07multiproconchip,
  author = {Chritophe Bobda and Thomas Haller and Felix Muehlbauer and Dennis
	Rech and Simon Jung},
  title = {{Design of adaptive multiprocessor on chip systems}},
  booktitle = {SBCCI '07: Proceedings of the 20th annual conference on Integrated
	circuits and systems design},
  year = {2007},
  pages = {177--183},
  address = {New York, NY, USA},
  publisher = {ACM},
  doi = {http://doi.acm.org/10.1145/1284480.1284531},
  isbn = {978-1-59593-816-9},
  location = {Copacabana, Rio de Janeiro},
  owner = {jkespens},
  timestamp = {2008.12.17}
}

@MASTERSTHESIS{bre07thesis,
  author = {Sebastiaan Dirk Breijer},
  title = {{Memory Organization of the Molen Prototype}},
  school = {Delft University of Technology},
  year = {2007},
  owner = {Jeremy},
  timestamp = {2009.02.24},
  url = {http://ce.et.tudelft.nl/publicationfiles/1367\_700\_thesis.pdf}
}

@ELECTRONIC{src09src7,
  author = {SRC Computers},
  year = {2009},
  title = {{SRC-7 Overview}},
  organization = {SRC Computers},
  note = {http://srccomputers.com/products/src7.asp},
  url = {http://srccomputers.com/products/src7.asp},
  owner = {Jeremy},
  timestamp = {2009.02.04}
}

@BOOK{cor05ldd3,
  title = {{Linux Device Drivers}},
  publisher = {O'Reilly},
  year = {2005},
  author = {Jonathan Corbet and Allesandro Rubini and Greg Kroah-Hartman},
  edition = {Third Edition},
  note = {http://lwn.net/Kernel/LDD3/},
  owner = {Jeremy},
  timestamp = {2009.04.22}
}

@ELECTRONIC{nvi09s1070,
  author = {Nvidia Corp},
  year = {2009},
  title = {{Tesla S1070}},
  organization = {Nvidia Corp},
  note = {http://www.nvidia.com/object/product\_tesla\_s1070\_ us.html},
  url = {http://www.nvidia.com/object/product\_tesla\_s1070\_us.html},
  owner = {Jeremy},
  timestamp = {2009.02.04}
}

@ELECTRONIC{xil08microblaze,
  author = {Xilinx Corp},
  year = {2008},
  title = {{MicroBlaze Processor Performance}},
  note = {http://www.xilinx.com/products/design\_resources/proc\_central/microblaze\_per.htm},
  url = {http://www.xilinx.com/products/ design\_resources/proc\_central/microblaze\_per.htm},
  owner = {Jeremy},
  timestamp = {2009.03.31}
}

@ELECTRONIC{xil09virtex4,
  author = {Xilinx Corp.},
  year = {2009},
  title = {{Virtex-4 Multi-Platform FPGAs}},
  note = {http://www.xilinx.com/products/virtex4/},
  owner = {Jeremy},
  timestamp = {2009.04.22}
}

@ELECTRONIC{xil09virtex5,
  author = {Xilinx Corp.},
  year = {2009},
  title = {{Virtex-5 Multi-Platform FPGAs}},
  note = {http://www.xilinx.com/products/virtex5/},
  owner = {Jeremy},
  timestamp = {2009.04.22}
}

@ARTICLE{cou03hwcompilation,
  author = {J.G.F. Coutinho and W. Luk},
  title = {{Source-directed transformations for hardware compilation}},
  journal = {Field-Programmable Technology (FPT), 2003. Proceedings. 2003 IEEE
	International Conference on},
  year = {2003},
  pages = { 278-285},
  month = {Dec.},
  doi = {10.1109/FPT.2003.1275758},
  keywords = { C language, FIR filters, parallel programming FIR filters, Haydn-C
	language, design quality, designer productivity, fractal generators,
	hardware compilation, maintainability, modular hardware design, morphological
	erosion design, morphological operators, parallel programming, resource
	allocation, scheduling, source level transformations, source-directed
	transformations},
  owner = {jkespens},
  timestamp = {2008.12.17}
}

@INPROCEEDINGS{dav07forcemodelinggpu,
  author = {D. Davis and R. Lucas and G. Wagenbreth and J. Tran and J. Moore},
  title = {{A GPU-Enhanced Cluster for Accelerated FMS}},
  booktitle = {HPCMP-UGC '07: Proceedings of the 2007 DoD High Performance Computing
	Modernization Program Users Group Conference},
  year = {2007},
  pages = {305--309},
  address = {Washington, DC, USA},
  publisher = {IEEE Computer Society},
  doi = {http://dx.doi.org/10.1109/HPCMP-UGC.2007.4},
  isbn = {0-7695-3088-5},
  owner = {jkespens},
  timestamp = {2008.12.17}
}

@ELECTRONIC{uclinux,
  author = {D. Jeff Dionne and Michael Durrant},
  title = {{uClinux Embedded Linux/Microcontroller Project}},
  organization = {Arcturus Networks Inc.},
  note = {Arcturus Networks Inc. http://www.uclinux.org},
  url = {http://www.uclinux.org},
  owner = {Jeremy},
  timestamp = {2009.03.07}
}

@INPROCEEDINGS{ibm03bluegenel,
  author = {T Domany and et al},
  title = {{An Overview of the BlueGene/L Supercomputer}},
  booktitle = {SC '02: Proceedings of the 2006 ACM/IEEE conference on Supercomputing},
  year = {2002},
  address = {Baltimore, MD, USA},
  owner = {Jeremy},
  timestamp = {2009.02.04}
}

@INPROCEEDINGS{elg06hprcpanel,
  author = {Tarek El-Ghazawi and Dave Bennett and Dan Poznanovic and Allan Cantle
	and Keith Underwood and Rob Pennington and Duncan Buell and Alan
	George and Volodymyr Kindratenko},
  title = {{Is high-performance reconfigurable computing the next supercomputing
	paradigm?}},
  booktitle = {SC '06: Proceedings of the 2006 ACM/IEEE conference on Supercomputing},
  year = {2006},
  pages = {71},
  address = {New York, NY, USA},
  publisher = {ACM},
  doi = {http://doi.acm.org/10.1145/1188455.1188530},
  isbn = {0-7695-2700-0},
  location = {Tampa, Florida},
  owner = {jkespens},
  timestamp = {2008.12.17}
}

@ARTICLE{elg08promiseofRC,
  author = {Tarek El-Ghazawi and Esam El-Araby and Miaoqing Huang and Kris Gaj
	and Volodymyr Kindratenko and Duncan Buell},
  title = {{The Promise of High-Performance Reconfigurable Computing}},
  journal = {IEEE Computer Magazine},
  year = {2008},
  volume = {41},
  pages = {69--76},
  number = {2},
  address = {Los Alamitos, CA, USA},
  doi = {http://dx.doi.org/10.1109/MC.2008.65},
  issn = {0018-9162},
  owner = {jkespens},
  publisher = {IEEE Computer Society Press},
  timestamp = {2008.12.17}
}

@ELECTRONIC{denx09eldk,
  author = {DENX Software Engineering},
  year = {2009},
  title = {{Embedded Linux Development Kit}},
  note = {http://www.denx.de/wiki/DULG/ELDK},
  owner = {Jeremy},
  timestamp = {2009.04.22}
}

@INPROCEEDINGS{fid03perfoverheadHRC,
  author = {Osman Devrim Fidanci and Dan Poznanovic and Kris Gaj and Tarek El-Ghazawi
	and Nikitas Alexandridis},
  title = {{Performance and Overhead in a Hybrid Reconfigurable Computer}},
  booktitle = {IPDPS '03: Proceedings of the 17th International Symposium on Parallel
	and Distributed Processing},
  year = {2003},
  pages = {176.2},
  address = {Washington, DC, USA},
  publisher = {IEEE Computer Society},
  isbn = {0-7695-1926-1},
  owner = {jkespens},
  timestamp = {2008.12.17}
}

@INPROCEEDINGS{gra05openmpi,
  author = {Richard L. Graham and Timothy S. Woodall and Jeffrey M. Squyres},
  title = {{OpenMPI: A Flexible High Performance MPI}},
  booktitle = {Proceedings, 6th Annual International Conference on Parallel Processing
	and Applied Mathematics},
  year = {2005},
  address = {Poznan, Poland},
  month = {September},
  owner = {Jeremy},
  timestamp = {2009.02.04}
}

@INPROCEEDINGS{gre08hpmpi,
  author = {Gregor,, Douglas and Lumsdaine,, Andrew},
  title = {{Design and implementation of a high-performance MPI for C\# and
	the common language infrastructure}},
  booktitle = {PPoPP '08: Proceedings of the 13th ACM SIGPLAN Symposium on Principles
	and practice of parallel programming},
  year = {2008},
  pages = {133--142},
  address = {New York, NY, USA},
  publisher = {ACM},
  doi = {http://doi.acm.org/10.1145/1345206.1345228},
  isbn = {978-1-59593-795-7},
  location = {Salt Lake City, UT, USA},
  owner = {Jeremy},
  timestamp = {2009.03.31}
}

@ELECTRONIC{xil07plb,
  author = {IBM.},
  month = {May},
  year = {2007},
  title = {{128-bit Processor Local Bus Architecture Specifications}},
  note = {http://www-01.ibm.com/chips/techlib/techlib.nsf/techdocs/3BBB27E5BCC165BA87256A2B00
	64FFB4/\$file/PlbBus\_as\_01\_pub.pdf},
  owner = {Jeremy},
  timestamp = {2009.04.22}
}

@ARTICLE{kat88nbody,
  author = {Jacob Katzenelson},
  title = {{Computational Structure of the N-body Problem}},
  journal = {SIAM Journal on Scientific Computing},
  year = {1989},
  volume = {10},
  pages = {787-915},
  owner = {jkespens},
  timestamp = {2008.12.17}
}

@ARTICLE{kaw00grape5,
  author = {{Kawai}, A. and {Fukushige}, T. and {Makino}, J. and {Taiji}, M.},
  title = {{GRAPE-5: A Special-Purpose Computer for N-Body Simulations}},
  journal = {Publication of the Astronomical Society of Japan},
  year = {2000},
  volume = {52},
  pages = {659-676},
  month = aug,
  adsnote = {Provided by the SAO/NASA Astrophysics Data System},
  adsurl = {http://ads.nao.ac.jp/abs/2000PASJ...52..659K},
  eprint = {arXiv:astro-ph/9909116},
  keywords = {COSMOLOGY, GALAXY: KINEMATICS AND DYNAMICS, METHODS: N-BODY SIMULATIONS},
  owner = {jkespens},
  timestamp = {2008.12.17}
}

@MANUAL{kel06uiuc,
  title = {{Running Linux on a Xilinx XUP Board}},
  author = {John Kelm},
  organization = {University of Illinois - Urbana Champaign},
  month = {23 June},
  year = {2006},
  note = {http://courses.ece.illinois.edu/ece412/MP\_Files/mp2/20060623-XUP-Linux-Tutorial-REVISION-FINAL.pdf},
  owner = {Jeremy},
  timestamp = {2009.03.31},
  url = {http://courses.ece.illinois.edu/ece412/MP\_Files/mp2/20060623-XUP-Linux-Tutorial-REVISION-FINAL.pdf}
}

@INPROCEEDINGS{kos06manageEOS,
  author = {Krzysztof Kosciuszkiewicz and Krzysztof Kepa and Fearghal Morgan},
  title = {{Transparent Management of Reconfigurable Hardware in Embedded Operating
	Systems}},
  booktitle = {ISVLSI '06: Proceedings of the IEEE Computer Society Annual Symposium
	on Emerging VLSI Technologies and Architectures},
  year = {2006},
  pages = {432},
  address = {Washington, DC, USA},
  publisher = {IEEE Computer Society},
  doi = {http://dx.doi.org/10.1109/ISVLSI.2006.90},
  isbn = {0-7695-2533-4},
  owner = {jkespens},
  timestamp = {2008.12.17}
}

@ARTICLE{kos07runtimemanagement,
  author = {Kosciuszkiewicz, K. and Morgan, F. and Kepa, K.},
  title = {{Run-Time Management of Reconfigurable Hardware Tasks Using Embedded
	Linux}},
  journal = {Field-Programmable Technology, 2007. ICFPT 2007. International Conference
	on},
  year = {2007},
  pages = {209-215},
  month = {Dec.},
  doi = {10.1109/FPT.2007.4439251},
  keywords = {Linux, software engineering, system-on-chipMixed hardware-software
	implementations, Xilinx Virtex-H-Pro FPGA, embedded Linux, execution
	flow, reconfigurable hardware tasks, reconfigurable task manager,
	run-time management, software design},
  owner = {jkespens},
  timestamp = {2008.12.17}
}

@INPROCEEDINGS{kos08automanagement,
  author = {Krzysztof Kosciuszkiewicz and Fearghal Morgan and Krzysztof Kepa
	and Noel T. Murphy},
  title = {{Towards Automatic Management of Reconfigurable Accelerators}},
  booktitle = {ISSC '08: Proceedings of IET Irish Signals and Systems Conference},
  year = {2008},
  address = {Galway, Ireland},
  month = {June},
  owner = {jkespens},
  timestamp = {2008.12.17}
}

@INPROCEEDINGS{kum06copacobana,
  author = {Sandeep Kumar and Christof Paar and Jan Pelzl and Gerd Pfeiffer and
	Andy Rupp and Manfred Schimmler},
  title = {{How to Break DES for 8,980 Euro}},
  booktitle = {SHARCS'06 - Special-purpose Hardware Attacking Cryptographic Systems},
  year = {2006},
  address = {Cologne, Germany},
  month = {April},
  owner = {Jeremy},
  timestamp = {2009.04.21}
}

@ARTICLE{lan07hwswcomp,
  author = {Lange, H. and Koch, A.},
  title = {{An Execution Model for Hardware/Software Compilation and its System-Level
	Realization}},
  journal = {Field Programmable Logic and Applications, 2007. FPL 2007. International
	Conference on},
  year = {2007},
  pages = {285-292},
  month = {Aug.},
  doi = {10.1109/FPL.2007.4380661},
  keywords = {hardware-software codesign, multiprogramming, operating systems (computers),
	program compilersOS-level requirement, adaptive computer system,
	architectural requirement, execution model, full scale multitasking,
	hardware-software compilation, orchestration, system-level realization,
	virtual protected memory operating system},
  owner = {Jeremy},
  timestamp = {2009.03.07}
}

@ELECTRONIC{xil09wikidot,
  author = {John Linn},
  year = {2009},
  title = {{Xilinx Open Source Linux Wiki}},
  organization = {Xilinx Corp},
  note = {Xilinx Corp. http://xilinx.wikidot.com/},
  url = {http://xilinx.wikidot.com/},
  owner = {Jeremy},
  timestamp = {2009.03.31}
}

@ARTICLE{liu07hwswcodesign,
  author = {Ming Liu and Kuehn, W. and Zhonghai Lu and Jantsch, A. and Shuo Yang
	and Perez, T. and Zhenan Liu},
  title = {{Hardware/Software Co-design of a General-Purpose Computation Platform
	in Particle Physics}},
  journal = {Field-Programmable Technology, 2007. ICFPT 2007. International Conference
	on},
  year = {2007},
  pages = {177-183},
  month = {Dec.},
  doi = {10.1109/FPT.2007.4439247},
  keywords = {IP networks, Linux, embedded systems, field programmable gate arrays,
	hardware-software codesign, local area networks, transport protocolsEthernet
	link, PowerPC CPU core, UDP-IP, Xilinx Virtex-4 FX FPGA, embedded
	Linux operating system, field programmable gate array, general-purpose
	computation platform, hardware-software codesign, online data processing,
	particle physics, user datagram protocol-Internet protocol},
  owner = {Jeremy},
  timestamp = {2009.02.24}
}

@INPROCEEDINGS{mcm96empi,
  author = {T. P. McMahon and A. Skjellum},
  title = {{eMPI/eMPICH: Embedding MPI}},
  booktitle = {MPIDC '96: Proceedings of the Second MPI Developers Conference},
  year = {1996},
  pages = {180},
  address = {Washington, DC, USA},
  publisher = {IEEE Computer Society},
  isbn = {0-8186-7533-0},
  owner = {jkespens},
  timestamp = {2008.12.17}
}

@INPROCEEDINGS{meh06irs,
  author = {Mehlan,, Torsten and Strunk,, Jochen and Hoefler,, Torsten and Mietke,,
	Frank and Rehm,, Wolfgang},
  title = {{IRS - A Portable Interface for Reconfigurable Systems}},
  booktitle = {PARELEC '06: Proceedings of the international symposium on Parallel
	Computing in Electrical Engineering},
  year = {2006},
  pages = {187--191},
  address = {Washington, DC, USA},
  publisher = {IEEE Computer Society},
  doi = {http://dx.doi.org/10.1109/PARELEC.2006.50},
  isbn = {0-7695-2554-7}
}

@INPROCEEDINGS{men03designspace,
  author = {Oskar Mencer and David J. Pearce and Lee W. Howes and Wayne Luk},
  title = {{Design space exploration with A Stream Compiler}},
  booktitle = {in Proc. IEEE Intl Conf. Field-Programmable Technology},
  year = {2003},
  pages = {270--277},
  owner = {jkespens},
  timestamp = {2008.12.17}
}

@ARTICLE{ibm07bluegenelstory,
  author = {Jos\'{e} E. Moreira and Valentina Salapura and George Almasi and
	Charles Archer and Ralph Bellofatto and Peter Bergner and Randy Bickford
	and Mathias Blumrich and Jos\'{e} R. Brunheroto and Arthur A. Bright
	and Michael Brutman and Jos\'{e} G. Casta\, {n}os and Dong Chen and
	Paul Coteus and Paul Crumley and Sam Ellis and Thomas Engelsiepen
	and Alan Gara and Mark Giampapa and Tom Gooding and Shawn Hall and
	Ruud A. Haring and Roger Haskin and Philip Heidelberger and Dirk
	Hoenicke and Todd Inglett and Gerrard V. Kopcsay and Derek Lieber
	and David Limpert and Pat McCarthy and Mark Megerian and Mike Mundy
	and Martin Ohmacht and Jeff Parker and Rick A. Rand and Don Reed
	and Ramendra Sahoo and Alda Sanomiya and Richard Shok and Brian Smith
	and Gordon G. Stewart and Todd Takken and Pavlos Vranas and Brian
	Wallenfelt and Michael Blocksome and Joe Ratterman},
  title = {{The blue gene/L supercomputer: a hardware and software story}},
  journal = {Int. J. Parallel Program.},
  year = {2007},
  volume = {35},
  pages = {181--206},
  number = {3},
  address = {Norwell, MA, USA},
  doi = {http://dx.doi.org/10.1007/s10766-007-0037-2},
  issn = {0885-7458},
  owner = {jkespens},
  publisher = {Kluwer Academic Publishers},
  timestamp = {2008.12.17}
}

@INBOOK{mor06distributedfpgas,
  chapter = {Chapter 14 - An Investigation of the Applicability of Distributed
	{FPGA}s to High-Performance Computing},
  title = {{High Performance Computing: Paradigm and Infrastructure}},
  publisher = {John Wiley and Sons},
  year = {2006},
  editor = {Laurence T. Yang and Minyi Guo},
  author = {John P. Morrison and Padraig O'Dowd and Philip D. Healy},
  owner = {Jeremy},
  timestamp = {2009.05.04}
}

@ELECTRONIC{byu05linuxonfpga,
  author = {Brent Nelson},
  year = {2005},
  title = {{The BYU Linux on FPGA Project}},
  organization = {BYU Configurable Computing Laboratory},
  note = {http://ccl.ee.byu.edu/projects/LinuxFPGA/},
  url = {http://ccl.ee.byu.edu/projects/LinuxFPGA/},
  owner = {Jeremy},
  timestamp = {2009.03.31}
}

@ARTICLE{pat06tmd,
  author = {Patel, A. and Madill, C.A. and Saldana, M. and Comis, C. and Pomes,
	R. and Chow, P.},
  title = {{A Scalable FPGA-based Multiprocessor}},
  journal = {Field-Programmable Custom Computing Machines, 2006. FCCM '06. 14th
	Annual IEEE Symposium on},
  year = {2006},
  pages = {111-120},
  month = {April},
  doi = {10.1109/FCCM.2006.17},
  keywords = {application program interfaces, field programmable gate arrays, message
	passing, microprocessor chips, multiprocessing systemscommunication
	infrastructure, embedded microprocessors, field programmable gate
	arrays, hardware accelerators, message passing, molecular dynamics,
	scalable computing machine, scalable multiprocessor},
  owner = {jkespens},
  timestamp = {2008.12.17}
}

@ARTICLE{pat07etatelescope,
  author = {Patterson, C. and Martin, B. and Ellingson, S. and Simonetti, J.
	and Cutchin, S.},
  title = {{FPGA Cluster Computing in the ETA Radio Telescope}},
  journal = {Field-Programmable Technology, 2007. ICFPT 2007. International Conference
	on},
  year = {2007},
  pages = {25-32},
  month = {Dec.},
  doi = {10.1109/FPT.2007.4439228},
  keywords = {dipole antennas, field programmable gate arrays, radiotelescopesETA
	radio telescope, FPGA cluster computing, FPGA-based data acquisition,
	dipole antenna, eight-meter-wavelength transient array},
  owner = {jkespens},
  timestamp = {2008.12.17}
}

@TECHREPORT{pet03progHPRC,
  author = {Gregory D. Peterson},
  title = {{Programming High Performance Reconfigurable Computers}},
  institution = {Airforce Research Lab Rome Research Site},
  year = {2003},
  type = {Final Technical Report},
  number = {AFRL-IF-RS-TR-2003-2},
  address = {Rome, NY},
  month = {January},
  owner = {jkespens},
  timestamp = {2008.12.17}
}

@ELECTRONIC{rad98beowulf,
  author = {Jacek Radajewski and Douglas Eadline},
  month = {22 Nov},
  year = {1998},
  title = {{Beowulf HOWTO}},
  howpublished = {Vol 1.1.1},
  organization = {Linux Documentation Project},
  note = {http://www.ibiblio.org/pub/linux/docs/HOWTO/archive/Beowulf-HOWTO.html},
  url = {http://www.ibiblio.org/pub/linux/docs/HOWTO/archive/Beowulf-HOWTO.html},
  owner = {Jeremy},
  timestamp = {2009.03.30}
}

@ELECTRONIC{win09linux,
  author = {Wind River},
  year = {2009},
  title = {{Board Support Packages}},
  organization = {Wind River},
  note = {http://www.windriver.com/products/bsp\_web/ bsp\_vendor.html?vendor=Xilinx},
  owner = {Jeremy},
  timestamp = {2009.03.31}
}

@INPROCEEDINGS{sah08mpiforsignalproc,
  author = {Sankalita Saha and Jason Schlessman and Sebastian Puthenpurayil and
	Shuvra S. Bhattacharyya and Wayne Wolf},
  title = {{An optimized message passing framework for parallel implementation
	of signal processing applications}},
  booktitle = {DATE '08: Proceedings of the conference on Design, automation and
	test in Europe},
  year = {2008},
  pages = {1220--1225},
  address = {New York, NY, USA},
  publisher = {ACM},
  doi = {http://doi.acm.org/10.1145/1403375.1403671},
  isbn = {978-3-9810801-3-1},
  location = {Munich, Germany},
  owner = {jkespens},
  timestamp = {2008.12.17}
}

@MASTERSTHESIS{sal06tmdmpithesis,
  author = {Manuel Saldana},
  title = {{A Parallel Programming Model for a Multi-FPGA Multiprocessor Machine}},
  school = {University of Toronto},
  year = {2006},
  owner = {Jeremy},
  timestamp = {2009.02.04}
}

@ARTICLE{sal06tmdmpi,
  author = {Saldana, M. and Chow, P.},
  title = {{TMD-MPI: An MPI Implementation for Multiple Processors Across Multiple
	FPGAs}},
  journal = {Field Programmable Logic and Applications, 2006. FPL '06. International
	Conference on},
  year = {2006},
  pages = {1-6},
  month = {Aug.},
  doi = {10.1109/FPL.2006.311233},
  keywords = {application program interfaces, embedded systems, field programmable
	gate arrays, message passing, multiprocessing systems, network-on-chip,
	transport protocolsTMD-MPI, code portability, embedded processors,
	inter-FPGA communications, intra-FPGA communications, message-passing
	interface, multiple FPGA, multiple processors, network packet protocol,
	network-on-chip, parallel code, programming model},
  owner = {jkespens},
  timestamp = {2008.12.17}
}

@ARTICLE{sal06progtmd,
  author = {Manuel Saldana and Daniel Nunes and Emanuel Ramalho and Paul Chow},
  title = {{Configuration and Programming of Heterogeneous Multiprocessors on
	a Multi-FPGA System Using TMD-MPI}},
  journal = {Reconfigurable Computing and FPGA's, 2006. ReConFig 2006. IEEE International
	Conference on},
  year = {2006},
  pages = {1-10},
  month = {Sept. },
  doi = {10.1109/RECONF.2006.307779},
  keywords = {embedded systems, field programmable gate arrays, iterative methods,
	message passing, reconfigurable architectures, system-on-chipJacobi
	iterations method, TMD-MPI, embedded processors, heat equation, heterogeneous
	multiprocessor systems-on-chip, message passing engine, multiFPGA
	system, multiprocessor systems-on-FPGA, reconfiguration architecture,
	superscalar processors, system-level design flow},
  owner = {jkespens},
  timestamp = {2008.12.17}
}

@ARTICLE{sas07petascale,
  author = {Sass, R. and Kritikos, W.V. and Schmidt, A.G. and Beeravolu, S. and
	Beeraka, P.},
  title = {{Reconfigurable Computing Cluster (RCC) Project: Investigating the
	Feasibility of FPGA-Based Petascale Computing}},
  journal = {Field-Programmable Custom Computing Machines, 2007. FCCM 2007. 15th
	Annual IEEE Symposium on},
  year = {2007},
  pages = {127-140},
  month = {April},
  doi = {10.1109/FCCM.2007.62},
  keywords = {field programmable gate arrays, reconfigurable architectures64-node
	prototype cluster, FPGA-based petascale computing, PC hardware, PetaFLOP
	range, computer architecture, reconfigurable computing cluster project,
	semiconductor technology},
  owner = {jkespens},
  timestamp = {2008.12.17}
}

@INPROCEEDINGS{shaw08anton,
  author = {Shaw, David E. and et al},
  title = {{Anton, a special-purpose machine for molecular dynamics simulation}},
  booktitle = {ISCA '07: Proceedings of the 34th annual international symposium
	on Computer architecture},
  year = {2007},
  pages = {1--12},
  address = {New York, NY, USA},
  publisher = {ACM Press},
  citeulike-article-id = {1649313},
  doi = {http://dx.doi.org/10.1145/1250662.1250664},
  isbn = {9781595937063},
  owner = {Jeremy},
  posted-at = {2007-09-12 22:01:59},
  priority = {1},
  timestamp = {2009.02.04},
  url = {http://dx.doi.org/10.1145/1250662.1250664}
}

@TECHREPORT{cray08xt5h,
  author = {Addison Snell and Debra Goldfarb and Christopher G. Willard},
  title = {{Designed to Scale: The Cray XT5 Family of Supercomputers}},
  institution = {Tabor Research},
  year = {2007},
  month = {Nov},
  note = {http://www.cray.com/Assets/PDF/products/xt/Tabor\_XT5\_Whitepaper.pdf},
  owner = {Jeremy},
  timestamp = {2009.02.04}
}

@ELECTRONIC{mon09linux,
  author = {MontaVista Software},
  year = {2009},
  title = {{Linux Board Support Packages}},
  note = {http://www.mvista.com/boards.php},
  url = {http://www.mvista.com/boards.php},
  owner = {Jeremy},
  timestamp = {2009.03.31}
}

@ARTICLE{sui05mdonbluegene,
  author = {F. Suits and M.C. Pitman and J.W. Pitera and W.C. Swope and R.S.
	Germain},
  title = {{Overview of Molecular Dynamics Techniques and Early Scientific Results
	from the Blue Gene Project}},
  journal = {IBM Journal of Research and Development},
  year = {2005},
  volume = {49(2/3)},
  pages = {475-488},
  owner = {jkespens},
  timestamp = {2008.12.17}
}

@ARTICLE{sye07rSoCImage,
  author = {Syed, I. and Williams, J.A. and Bergmann, N.W.},
  title = {{A Hybrid Reconfigurable Cluster-on-Chip Architecture with Message
	Passing Interface for Image Processing Applications}},
  journal = {Field Programmable Logic and Applications, 2007. FPL 2007. International
	Conference on},
  year = {2007},
  pages = {609-612},
  month = {Aug.},
  doi = {10.1109/FPL.2007.4380728},
  keywords = {image processing, message passing, network-on-chip, reconfigurable
	architecturescross-platform parallel image processing library, desktop
	cluster systems, hybrid reconfigurable cluster-on-chip architecture,
	message passing interface, software interface},
  owner = {jkespens},
  timestamp = {2008.12.17}
}

@INPROCEEDINGS{tha03mpich,
  author = {Rajeev Thakur and William Gropp},
  title = {{Improving the performance of collective operations in MPICH}},
  booktitle = {Recent Advances in Parallel Virtual Machine and Message Passing Interface.
	Number 2840 in LNCS, Springer Verlag (2003) 257267 10th European
	PVM/MPI Users Group Meeting},
  year = {2003},
  pages = {257--267},
  publisher = {Springer Verlag},
  owner = {Jeremy},
  timestamp = {2009.02.04}
}

@ELECTRONIC{top09top500,
  author = {TOP500.org},
  title = {{Top 500 Supercomputing Sites}},
  note = {http://www.top500.org/},
  owner = {Jeremy},
  timestamp = {2009.04.22}
}

@ARTICLE{tri05reconfigSCapps,
  author = {Tripp, J.L. and Hanson, A.A. and Gokhale, M. and Mortveit, H.},
  title = {{Partitioning Hardware and Software for Reconfigurable Supercomputing
	Applications: A Case Study}},
  journal = {Supercomputing, 2005. Proceedings of the ACM/IEEE SC 2005 Conference},
  year = {2005},
  pages = { 27-27},
  month = {Nov.},
  doi = {10.1109/SC.2005.54},
  keywords = {null HW/SW Co-design, Supercomputing, System Integration},
  owner = {jkespens},
  timestamp = {2008.12.17}
}

@INPROCEEDINGS{tur03netpipe,
  author = {Dave Turner and Adam Oline and Xuehua Chen and Troy Benjegerdes},
  title = {{Integrating New Capabilities into NetPIPE}},
  booktitle = {Euro PVM/MPI},
  year = {2003},
  address = {Venice, Italy},
  month = {30 Sep},
  institution = {Ames Laboratory/Scalable Computing Lab. Iowa State University},
  owner = {Jeremy},
  timestamp = {2009.04.22}
}

@INPROCEEDINGS{wil05fifocomm,
  author = {J. A. Williams and N. W. Bergmann and X. Xie},
  title = {{FIFO Communication Models in Operating Systems for Reconfigurable
	Computing}},
  booktitle = {FCCM '05: Proceedings of the 13th Annual IEEE Symposium on Field-Programmable
	Custom Computing Machines},
  year = {2005},
  pages = {277--278},
  address = {Washington, DC, USA},
  publisher = {IEEE Computer Society},
  doi = {http://dx.doi.org/10.1109/FCCM.2005.35},
  isbn = {0-7695-2445-1},
  owner = {jkespens},
  timestamp = {2008.12.17}
}

@INPROCEEDINGS{wil06rSoCMPI,
  author = {J. A. Williams and I. Syed and J. Wu and N. W. Bergmann},
  title = {{A Reconfigurable Cluster-on-Chip Architecture with MPI Communication
	Layer}},
  booktitle = {FCCM '06: Proceedings of the 14th Annual IEEE Symposium on Field-Programmable
	Custom Computing Machines},
  year = {2006},
  pages = {350--352},
  address = {Washington, DC, USA},
  publisher = {IEEE Computer Society},
  doi = {http://dx.doi.org/10.1109/FCCM.2006.14},
  isbn = {0-7695-2661-6},
  owner = {jkespens},
  timestamp = {2008.12.17}
}

@ELECTRONIC{wil94history,
  author = {Gregory V. Wilson},
  month = {Oct},
  year = {1994},
  title = {{The History of the Development of Parallel Computing}},
  organization = {Virginia Tech},
  note = {http://ei.cs.vt.edu/~history/Parallel.html},
  owner = {Jeremy},
  timestamp = {2009.05.07}
}

@ARTICLE{xie07rSoCwithOS,
  author = {Xin Xie and Williams, J. and Bergmann, N.},
  title = {{Asymmetric Multi-Processor Architecture for Reconfigurable System-on-Chip
	and Operating System Abstractions}},
  journal = {Field-Programmable Technology, 2007. ICFPT 2007. International Conference
	on},
  year = {2007},
  pages = {41-48},
  month = {Dec.},
  doi = {10.1109/FPT.2007.4439230},
  keywords = {Linux, multiprocessing systems, system-on-chipasymmetric multi-processor
	architecture, embedded Linux, operating system abstractions, reconfigurable
	system-on-chip, software partitioning},
  owner = {jkespens},
  timestamp = {2008.12.17}
}

@ARTICLE{you04mpiMPSoC,
  author = {Youssef, M. and Sungjoo Yoo and Sasongko, A. and Paviot, Y. and Jerraya,
	A.A.},
  title = {{Debugging HW/SW interface for MPSoC: video encoder system design
	case study}},
  journal = {Design Automation Conference, 2004. Proceedings. 41st},
  year = {2004},
  pages = { 908-913},
  issn = {0738-100X},
  owner = {Jeremy},
  timestamp = {2009.02.04}
}

@INPROCEEDINGS{zay07picoblazempi,
  author = {Pavel Zaykov},
  title = {{MIMD implementation with PicoBlaze microprocessor using MPI functions}},
  booktitle = {CompSysTech '07: Proceedings of the 2007 international conference
	on Computer systems and technologies},
  year = {2007},
  pages = {1--7},
  address = {New York, NY, USA},
  publisher = {ACM},
  doi = {http://doi.acm.org/10.1145/1330598.1330604},
  isbn = {978-954-9641-50-9},
  location = {Bulgaria},
  owner = {jkespens},
  timestamp = {2008.12.17}
}

@ELECTRONIC{beo08wulf,
  year = {2008},
  title = {{The Beowulf Project}},
  organization = {Beowulf.org},
  note = {http://www.beowulf.org/},
  owner = {Jeremy},
  timestamp = {2009.05.07}
}

@STANDARD{mpi08standard,
  title = {{MPI: A Message Passing Interface Standard}},
  organization = {Message Passing Interface Forum},
  institution = {University of Tennessee},
  number = {2.1},
  month = {June},
  year = {2008},
  note = {http://www.mpi-forum.org/docs/mpi21-report.pdf},
  owner = {Jeremy},
  timestamp = {2009.02.04}
}

@TECHREPORT{ornl08petascale,
  title = {{Exploring Science Frontiers at Petascale}},
  institution = {Oak Ridge National Laboratory},
  year = {2008},
  note = {http://www.nccs.gov/wp-content/media/nccs\_reports/Petascale\_Brochure.pdf},
  owner = {Jeremy},
  timestamp = {2009.02.04}
}

@TECHREPORT{xil07ppc405,
  title = {{PowerPC Processor Reference Guide}},
  institution = {Xilinx Inc.},
  year = {2007},
  address = {San Jose, CA},
  month = {Jan},
  note = {Datasheet UG011. http://www.xilinx.com/support/documentation/user\_guides/ug011.pdf},
  organization = {Xilinx Inc.},
  owner = {Jeremy},
  timestamp = {2009.04.14}
}

@ELECTRONIC{cray05cost,
  month = {Feb 15},
  year = {2005},
  title = {{Cray XD1 Supercomputer Outscores Competition in HPC Challenge Benchmark
	Tests}},
  note = {Business Wire. http://investors.cray.com/phoenix.zhtml?c=98390\&p=irol-newsArticle\&ID=674199\&highlight=.},
  owner = {Jeremy},
  timestamp = {2009.05.05}
}

@TECHREPORT{ibm99powerpc,
  title = {{The PowerPC 440 Core}},
  institution = {IBM Corp},
  year = {1999},
  address = {Research Triangle Park, NC},
  month = {21 Sept},
  note = {http://www-01.ibm.com/chips/techlib/techlib.nsf/techdocs///852569B20050FF7785256997006
	3431C/\$file/440\_wp.pdf},
  owner = {Jeremy},
  timestamp = {2009.03.31}
}

@comment{jabref-meta: selector_publisher:}

@comment{jabref-meta: selector_author:}

@comment{jabref-meta: selector_journal:}

@comment{jabref-meta: selector_keywords:}

@comment{jabref-meta: groupsversion:3;}

@comment{jabref-meta: groupstree:
0 AllEntriesGroup:;
1 ExplicitGroup:hello\;0\;;
}

