% This file was created with JabRef 2.6.
% Encoding: ISO8859_1

@INPROCEEDINGS{adams2006comparison,
  author = {Adams, K. and Agesen, O.},
  title = {{A comparison of software and hardware techniques for x86 virtualization}},
  booktitle = {Proceedings of the 12th international conference on Architectural
	support for programming languages and operating systems},
  year = {2006},
  pages = {2--13},
  organization = {ACM},
  note = {VMware},
  owner = {ajy4490},
  timestamp = {2010.09.28}
}

@ARTICLE{Armbrust2010,
  author = {Armbrust, M. and Fox, A. and Griffith, R. and Joseph, A.D. and Katz,
	R. and Konwinski, A. and Lee, G. and Patterson, D. and Rabkin, A.
	and Stoica, I. and others},
  title = {{A view of cloud computing}},
  journal = {Communications of the ACM},
  year = {2010},
  volume = {53},
  pages = {50--58},
  number = {4},
  issn = {0001-0782},
  owner = {ajy4490},
  publisher = {ACM},
  timestamp = {2011.02.10}
}

@ARTICLE{bartholomew2006qemu,
  author = {Bartholomew, D.},
  title = {{Qemu: a multihost, multitarget emulator}},
  journal = {Linux Journal},
  year = {2006},
  volume = {2006},
  pages = {3},
  number = {145},
  issn = {1075-3583},
  owner = {ajy4490},
  publisher = {Specialized Systems Consultants, Inc.},
  timestamp = {2011.02.10}
}

@INPROCEEDINGS{Bolte2010,
  author = {Bolte, M. and Sievers, M. and Birkenheuer, G. and Niehorster, O.
	and Brinkmann, A.},
  title = {Non-intrusive virtualization management using libvirt},
  booktitle = {Design, Automation Test in Europe Conference Exhibition (DATE), 2010},
  year = {2010},
  pages = {574 -579},
  month = march,
  issn = {1530-1591},
  keywords = {VMware ESX;data centers;hypervisor interfaces;libvirt management;management
	interfaces;management solutions;microsoft hyper-V;nonintrusive virtualization
	management;server virtualization;virtual machines;operating systems
	(computers);public domain software;virtual machines;virtual reality;},
  owner = {ajy4490},
  timestamp = {2011.02.14}
}

@INPROCEEDINGS{camargos2008virtualization,
  author = {Camargos, F.L.},
  title = {{Virtualization of Linux servers: a comparative study}},
  booktitle = {Masters Abstracts International},
  year = {2008},
  volume = {47},
  number = {06},
  pages = {108},
  owner = {ajy4490},
  timestamp = {2010.10.22}
}

@TECHREPORT{Chappell2009,
  author = {Chappell, D.},
  title = {{Introducing windows azure}},
  institution = {Microsoft, Inc},
  year = {2009},
  journal = {Microsoft, Dec},
  owner = {ajy4490},
  timestamp = {2011.02.10}
}

@BOOK{Ciurana2009,
  title = {{Developing with Google App Engine}},
  publisher = {Springer},
  year = {2009},
  author = {Ciurana, E.},
  isbn = {1430218312},
  owner = {ajy4490},
  timestamp = {2011.02.10}
}

@MISC{oo,
  author = {Standard Performance Evaluation Corporation},
  title = {SPEC's Benchmarks and Published Results},
  howpublished = {Website},
  month = {July},
  year = {2010},
  owner = {ajy4490},
  timestamp = {2010.10.25},
  url = {http://www.spec.org/benchmarks.html}
}

@ARTICLE{dixit1991,
  author = {Dixit, K.M.},
  title = {{The SPEC benchmarks}},
  journal = {Parallel Computing},
  year = {1991},
  volume = {17},
  pages = {1195--1209},
  number = {10-11},
  owner = {ajy4490},
  publisher = {Elsevier},
  timestamp = {2010.10.25}
}

@TECHREPORT{Dongarra2010,
  author = {Jack Dongarra and Piotr Luszczek},
  title = {Reducing the time to tune parallel dense linear algebra routines
	with partial execution and performance modelling},
  institution = {niversity of Tennessee Computer Science Technical Report},
  year = {2010},
  owner = {ajy4490},
  timestamp = {2010.10.25}
}

@ARTICLE{Dujmovic1998,
  author = {Dujmovic, Jozo J. and Dujmovic, Ivo},
  title = {Evolution and evaluation of SPEC benchmarks},
  journal = {SIGMETRICS Perform. Eval. Rev.},
  year = {1998},
  volume = {26},
  pages = {2--9},
  number = {3},
  address = {New York, NY, USA},
  doi = {http://doi.acm.org/10.1145/306225.306228},
  issn = {0163-5999},
  publisher = {ACM}
}

@ARTICLE{Foster2006,
  author = {I. Foster and T. Freeman and K. Keahy and D. Scheftner and B. Sotomayer
	and X. Zhang},
  title = {Virtual Clusters for Grid Communities},
  journal = {Cluster Computing and the Grid, IEEE International Symposium on},
  year = {2006},
  volume = {0},
  pages = {513-520},
  address = {Los Alamitos, CA, USA},
  doi = {http://doi.ieeecomputersociety.org/10.1109/CCGRID.2006.108},
  isbn = {0-7695-2585-7},
  owner = {ajy4490},
  publisher = {IEEE Computer Society},
  timestamp = {2011.02.10}
}

@INPROCEEDINGS{jackson2010performance,
  author = {Jackson, K.R. and Ramakrishnan, L. and Muriki, K. and Canon, S. and
	Cholia, S. and Shalf, J. and Wasserman, H.J. and Wright, N.J.},
  title = {{Performance Analysis of High Performance Computing Applications
	on the Amazon Web Services Cloud}},
  booktitle = {2nd IEEE International Conference on Cloud Computing Technology and
	Science},
  year = {2010},
  pages = {159--168},
  organization = {IEEE},
  owner = {ajy4490},
  timestamp = {2011.02.10}
}

@ARTICLE{karger2008virtual,
  author = {Karger, PA and Safford, DR},
  title = {{I/O for virtual machine monitors: Security and performance issues}},
  journal = {Security \& Privacy, IEEE},
  year = {2008},
  volume = {6},
  pages = {16--23},
  number = {5},
  owner = {ajy4490},
  publisher = {IEEE},
  timestamp = {2010.09.28}
}

@ARTICLE{Keahey2008,
  author = {Keahey, K. and Figueiredo, R. and Fortes, J. and Freeman, T. and
	Tsugawa, M.},
  title = {{Science clouds: Early experiences in cloud computing for scientific
	applications}},
  journal = {Cloud Computing and Applications},
  year = {2008},
  volume = {2008},
  owner = {ajy4490},
  publisher = {Citeseer},
  timestamp = {2011.02.10}
}

@INPROCEEDINGS{kivity2007kvm,
  author = {Kivity, A. and Kamay, Y. and Laor, D. and Lublin, U. and Liguori,
	A.},
  title = {{kvm: the Linux virtual machine monitor}},
  booktitle = {Proceedings of the Linux Symposium},
  year = {2007},
  volume = {1},
  pages = {225--230},
  owner = {ajy4490},
  timestamp = {2010.09.28}
}

@INPROCEEDINGS{koh2007analysis,
  author = {Koh, Y. and Knauerhase, R. and Brett, P. and Bowman, M. and Wen,
	Z. and Pu, C.},
  title = {{An analysis of performance interference effects in virtual environments}},
  booktitle = {Performance Analysis of Systems \& Software, 2007. ISPASS 2007. IEEE
	International Symposium on},
  year = {2007},
  pages = {200--209},
  organization = {IEEE}
}

@ARTICLE{Leinenbach2009,
  author = {Leinenbach, D. and Santen, T.},
  title = {{Verifying the Microsoft Hyper-V Hypervisor with VCC}},
  journal = {FM 2009: Formal Methods},
  year = {2009},
  pages = {806--809},
  owner = {ajy4490},
  publisher = {Springer},
  timestamp = {2011.02.10}
}

@INPROCEEDINGS{luszczek2006hpc,
  author = {Luszczek, P. and Bailey, D.H. and Dongarra, J.J. and Kepner, J. and
	Lucas, R.F. and Rabenseifner, R. and Takahashi, D.},
  title = {{The HPC Challenge (HPCC) benchmark suite}},
  booktitle = {SC06 Conference Tutorial},
  year = {2006},
  organization = {Citeseer},
  owner = {ajy4490},
  timestamp = {2010.10.25}
}

@INPROCEEDINGS{macdonell2007pragmatics,
  author = {Cam Macdonell and Paul Lu},
  title = {{P}ragmatics of {V}irtual {M}achines for {H}igh-{P}erformance {C}omputing:
	{A} {Q}uantitative {S}tudy of {B}asic {O}verheads},
  booktitle = {2007 High Performance Computing \& Simulation Conference},
  year = {2007},
  address = {Prague, Czech Republic},
  bdsk-url-1 = {http://www.vmware.com/files/pdf/paullu.vmware.final.pdf},
  owner = {mesut},
  timestamp = {2008.03.12},
  url = {http://www.vmware.com/files/pdf/paullu.vmware.final.pdf}
}

@INPROCEEDINGS{Matthews2007,
  author = {Matthews, Jeanna Neefe and Hu, Wenjin and Hapuarachchi, Madhujith
	and Deshane, Todd and Dimatos, Demetrios and Hamilton, Gary and McCabe,
	Michael and Owens, James},
  title = {Quantifying the performance isolation properties of virtualization
	systems},
  booktitle = {Proceedings of the 2007 workshop on Experimental computer science},
  year = {2007},
  series = {ExpCS '07},
  address = {New York, NY, USA},
  publisher = {ACM},
  acmid = {1281706},
  articleno = {6},
  doi = {http://doi.acm.org/10.1145/1281700.1281706},
  isbn = {978-1-59593-751-3},
  keywords = {performance isolation, virtualization},
  location = {San Diego, California},
  owner = {ajy4490},
  timestamp = {2011.02.10}
}

@ARTICLE{mergen2006virtualization,
  author = {Mergen, M.F. and Uhlig, V. and Krieger, O. and Xenidis, J.},
  title = {{Virtualization for high-performance computing}},
  journal = {ACM SIGOPS Operating Systems Review},
  year = {2006},
  volume = {40},
  pages = {8--11},
  number = {2},
  owner = {ajy4490},
  publisher = {ACM},
  timestamp = {2010.09.28}
}

@INPROCEEDINGS{murphy2009virtual,
  author = {Murphy, M.A. and Fenn, M. and Goasguen, S.},
  title = {{Virtual organization clusters}},
  booktitle = {International Conference on Parallel, Distributed and Network-based
	Processing, 2009},
  year = {2009},
  pages = {401--408},
  organization = {IEEE},
  owner = {ajy4490},
  timestamp = {2010.09.28}
}

@TECHREPORT{nanda2005survey,
  author = {Nanda, S. and Chiueh, T.},
  title = {{A survey of virtualization technologies}},
  year = {2005},
  owner = {ajy4490},
  publisher = {SUNY Stony Brook},
  timestamp = {2010.09.28}
}

@TECHREPORT{Oracle2008,
  author = {Oracle},
  title = {Performance Evaluation of Oracle VM Server Virtualization Software},
  institution = {Oracle},
  year = {2008},
  type = {Whitepaper},
  owner = {ajy4490},
  timestamp = {2011.02.10},
  url = {http://www.oracle.com/us/technologies/virtualization/oraclevm/026997.pdf}
}

@TECHREPORT{padala2007performance,
  author = {Padala, P. and Zhu, X. and Wang, Z. and Singhal, S. and Shin, K.G.},
  title = {{Performance evaluation of virtualization technologies for server
	consolidation}},
  institution = {HP Laboratories},
  year = {2007},
  journal = {HP Laboratories Technical Report},
  owner = {ajy4490},
  publisher = {Citeseer},
  timestamp = {2010.09.28}
}

@TECHREPORT{Parallels2010,
  author = {Parallels, Inc},
  title = {An Introduction to OS Virtualization and Parallels Virtuozzo Containers},
  institution = {Parallels, Inc},
  year = {2010},
  owner = {ajy4490},
  timestamp = {2011.02.10},
  url = {http://www.parallels.com/r/pdf/wp/pvc/Parallels_Virtuozzo_Containers_WP_an_introduction_to_os_EN.pdf}
}

@MISC{www-Openstack,
  author = {Rackspace},
  title = {OpenStack},
  howpublished = {WebPage},
  month = {Jan},
  year = {2011},
  owner = {ajy4490},
  timestamp = {2011.02.11},
  url = {http://www.openstack.org/}
}

@INPROCEEDINGS{ranadive2008performance,
  author = {Ranadive, A. and Kesavan, M. and Gavrilovska, A. and Schwan, K.},
  title = {{Performance implications of virtualizing multicore cluster machines}},
  booktitle = {Proceedings of the 2nd workshop on System-level virtualization for
	high performance computing},
  year = {2008},
  pages = {1--8},
  organization = {ACM},
  owner = {ajy4490},
  timestamp = {2010.09.28}
}

@ARTICLE{rixner2008network,
  author = {Rixner, S.},
  title = {{Network virtualization: Breaking the performance barrier}},
  journal = {Queue},
  year = {2008},
  volume = {6},
  pages = {36},
  number = {1},
  owner = {ajy4490},
  publisher = {ACM},
  timestamp = {2010.09.28}
}

@INPROCEEDINGS{soltesz2007container,
  author = {Soltesz, S. and P{\\"o}tzl, H. and Fiuczynski, M.E. and Bavier, A.
	and Peterson, L.},
  title = {{Container-based operating system virtualization: a scalable, high-performance
	alternative to hypervisors}},
  booktitle = {Proceedings of the 2nd ACM SIGOPS/EuroSys European Conference on
	Computer Systems 2007},
  year = {2007},
  pages = {287},
  organization = {ACM},
  owner = {ajy4490},
  timestamp = {2010.09.28}
}

@MISC{www-spec,
  author = {SPEC},
  title = {Standard Performance Evaluation Corporation},
  howpublished = {Webpage},
  month = {Jan},
  year = {2011},
  owner = {ajy4490},
  timestamp = {2011.02.11},
  url = {http://www.spec.org/}
}

@INPROCEEDINGS{stoess2007energy,
  author = {Stoess, J. and Lang, C. and Bellosa, F.},
  title = {{Energy management for hypervisor-based virtual machines}},
  booktitle = {2007 USENIX Annual Technical Conference on Proceedings of the USENIX
	Annual Technical Conference},
  year = {2007},
  pages = {1--14},
  organization = {USENIX Association},
  owner = {ajy4490},
  timestamp = {2010.09.28}
}

@INPROCEEDINGS{Thibault2008,
  author = {Thibault, S. and Deegan, T.},
  title = {{Improving performance by embedding HPC applications in lightweight
	Xen domains}},
  booktitle = {Proceedings of the 2nd workshop on System-level virtualization for
	high performance computing},
  year = {2008},
  pages = {9--15},
  organization = {ACM},
  owner = {ajy4490},
  timestamp = {2010.09.28}
}

@ARTICLE{watson2008virtualbox,
  author = {Watson, J.},
  title = {{Virtualbox: bits and bytes masquerading as machines}},
  journal = {Linux Journal},
  year = {2008},
  volume = {2008},
  pages = {1},
  number = {166},
  owner = {ajy4490},
  publisher = {Specialized Systems Consultants, Inc.},
  timestamp = {2010.10.25}
}

@comment{jabref-meta: selector_publisher:}

@comment{jabref-meta: selector_author:}

@comment{jabref-meta: selector_journal:}

@comment{jabref-meta: selector_keywords:}

