% This file was created with JabRef 2.6.
% Encoding: ISO8859_1

@PREAMBLE{
"\hyphenation{
}"
}

@INPROCEEDINGS{montage04,
  author = {Anagnostou, Nathaniel and Berriman, Bruce and Deelman, Ewa and Good,
	John and Jacob, Joseph C. and Katz, Daniel S. and Kesselman, Carl
	and Laity, Anastasia and Prince, Thomas and Singh, Gurmeet and Su,
	Mei-Hui and Williams, Roy},
  title = {{Montage: Experiences in Astronomical Image Mosaicking on the TeraGrid}},
  booktitle = {SuperComputing, SC'04},
  year = {2004}
}

@INPROCEEDINGS{wf08,
  author = {Bharathi, Shishir and Chervenak, Ann and Deelman, Ewa and Mehta,
	Gaurang and Su, Mei-Hui and Vahi, Karan},
  title = {{Characterization of scientific workflows}},
  booktitle = {{The 3rd Workshop on Workflows in Support of Large Scale Science
	(WORKS08)}},
  year = {2008}
}

@BOOK{Chromatic:2003:EPP,
  title = {{Extreme Programming pocket guide}},
  publisher = pub-ORA,
  year = {2003},
  author = {Chromatic},
  pages = {xv + 90},
  address = pub-ORA:adr,
  acknowledgement = {#ack-nhfb#},
  bibdate = {Mon Apr 18 15:07:03 MDT 2005},
  bibsource = {z3950.loc.gov:7090/Voyager},
  isbn = {0-596-00485-0},
  isbn-13 = {978-0-596-00485-9},
  lccn = {QA76.76.D47 C56 2003},
  remark = {``Team-based software development'' --- cover.},
  subject = {Computer software; Development; eXtreme programming},
  url = {http://www.oreilly.com/catalog/9780596004859}
}

@INPROCEEDINGS{cybershake06,
  author = {Deelman, Ewa and Callaghan, Scott and Field, Edward and Francoeur,
	Hunter and Graves, Robert and Gupta, Nitin and Gupta, Vipin and Jordan,
	Thomas H. and Kesselman, Carl and Maechling, Philip and Mehringer,
	John and Mehta, Gaurang and Okaya, David and Vahi, Karan and Zhao,
	Li},
  title = {{Managing Large-Scale Workflow Execution from Resource Provisioning
	to Provenance tracking: The CyberShake Example}},
  booktitle = {{e-Science}},
  year = {2006}
}

@INPROCEEDINGS{gryphin02,
  author = {Deelman, Ewa and Kesselman, Carl and Mehta, Gaurang and Meshkat,
	L. and Pearlman, L. and Blackburn, K. and Ehrens, P. and Lazzarini,
	A. and Williams, R. and S., Koranda},
  title = {{GriPhyN and LIGO, building a virtual data Grid for gravitational
	wave scientists}},
  booktitle = {{High Performance Distributed Computing, HPDC'02}},
  year = {2002}
}

@INPROCEEDINGS{montage08,
  author = {Deelman, Ewa and Singh, Gurmeet and Livny, Miron and Berriman, Bruce
	and Good, John},
  title = {{The cost of doing science on the cloud: the Montage example}},
  booktitle = {{SC '08: Proceedings of the 2008 ACM/IEEE conference on Supercomputing}},
  year = {2008},
  pages = {1-12}
}

@ARTICLE{pegasus05,
  author = {Deelman, Ewa and Singh, Gurmeet and Su, Mei-Hui and Blythe, James
	and Gil, Yolanda and Kesselman, Carl and Mehta, Gaurang and Vahi,
	Karan and Berriman, G. Bruce and Good, John and Laity, Anastasia
	and Jacob, Joseph C. and Katz, Daniel S.},
  title = {{Pegasus: A framework for mapping complex scientific workflows onto
	distributed systems}},
  journal = {Scientific Programming Journal},
  year = {2005},
  volume = {13},
  pages = {219-237},
  number = {3}
}

@ARTICLE{condor08,
  author = {Livny, Jonathan and Teonadi, Hidayat and Livny, Miron and Waldor,
	Matthew K.},
  title = {{High-throughput, kingdom-wide prediction and annotation of bacterial
	non-coding RNAs}},
  journal = {PLoS ONE},
  year = {2008}
}

@ARTICLE{provenance08,
  author = {Miles, Simon and Groth, Paul and Deelman, Ewa and Vahi, Karan and
	Mehta, Gaurang and Moreau, Luc},
  title = {{Provenance: The Bridge Between Experiments and Data}},
  journal = {Computing in Science and Engineering},
  year = {2008},
  volume = {10},
  pages = {38-46}
}

@INPROCEEDINGS{inca2-07,
  author = {Smallen, S. and Ericson, K. and Hayes, J. and Olschanowsky, C.},
  title = {{User-level grid monitoring with Inca 2}},
  booktitle = {{Proceedings of the 2007 Workshop on Grid Monitoring (GMW'07)}},
  year = {2007},
  address = {Monterey, CA},
  month = {25~} # jun,
  publisher = {ACM, New York}
}

@MISC{DITA,
  title = {{DITA Open Toolkit}},
  url = {http://dita-ot.sourceforge.net/}
}

@MISC{ec2,
  title = {{Amazon Elastic Compute Cloud}},
  url = {http://aws.amazon.com/ec2/}
}

@MISC{IU-Knowledge-Commons,
  title = {{IU Knowledge Commons}},
  url = {https://wiki.uits.iu.edu/confluence-prd/display/IUKBWiki/Home}
}

@MISC{kadeploy,
  title = {{Kadeploy}},
  url = {http://kadeploy.imag.fr/}
}

@MISC{KBclass,
  title = {{KB web services: Listing documents in a domain class}},
  url = {https://kb.iu.edu/data/arhp.html}
}

@MISC{KBdocs,
  title = {{KB web services: Getting documents}},
  url = {https://kb.iu.edu/data/aqpr.html}
}

@MISC{KBglossary,
  title = {{KB web services glossary}},
  url = {https://kb.iu.edu/data/aqpq.html}
}

@MISC{KBrest,
  title = {{KB web services: Using REST}},
  url = {https://kb.iu.edu/data/aqof.html}
}

@MISC{KBsearch,
  title = {{KB web services: Searching the KB}},
  url = {https://kb.iu.edu/data/arhk.html}
}

@MISC{KBsoap,
  title = {{KB web services: Using SOAP}},
  url = {https://kb.iu.edu/data/aqoc.html}
}

@MISC{KBxml,
  title = {{KB web services: KB document XML format}},
  url = {https://kb.iu.edu/data/arhk.html}
}

@MISC{KMSPlan,
  title = {{Knowledge Management System Plan}},
  url = {http://uits.iu.edu/page/axmd }
}

@MISC{KnowledgeBase,
  title = {{Knowledge Base}},
  url = {https://kb.iu.edu/data/acjq.html}
}

@MISC{Kuali,
  title = {{Kuali project}},
  url = {http://www.kuali.org/}
}

@MISC{KualiRice,
  title = {{Kuali Rice framework}},
  url = {http://rice.kuali.org/}
}

@MANUAL{manual-fg-nid,
  title = {{The Network Impairments device is Spirent XGEM}},
  url = {http://www.spirent.com/Solutions-Directory/Impairments_GEM.aspx?oldtab=0&oldpg0=2}
}

@MANUAL{manual-fg-router,
  title = {{The FG Router/Switch is a Juniper EX8208}},
  url = {http://www.juniper.net/us/en/products-services/switching/ex-series/ex8200/}
}

@MISC{osg,
  title = {{Open Science Grid}},
  howpublished = {Web Page},
  url = {www.opensciencegrid.org}
}

@MISC{Solr,
  title = {{Solr}},
  howpublished = {Web Page},
  url = {http://lucene.apache.org/solr/}
}

@MISC{teragrid,
  title = {{TeraGrid}},
  howpublished = {Web Page},
  url = {http://www.teragrid.org/}
}

@MISC{usc-hpcc,
  title = {{High Performance Computing and Communications}, USC-HPCC},
  howpublished = {Web Page},
  url = {http://www.usc.edu/hpcc/}
}

@MISC{www-arcs,
  title = {{The Australian Research Collaboration Service}},
  howpublished = {Web Page},
  optkey = {www-arcs},
  url = {http://www.arcs.org.au/}
}

@MISC{www-deisa,
  title = {{The Distributed European Infrastructure for Supercomputing Applications}},
  howpublished = {Web Page},
  url = {http://www.deisa.eu}
}

@MISC{www-ngs,
  title = {{The National Grid Service}},
  howpublished = {Web Page},
  url = {http://www.grid-support.ac.uk/}
}

@MISC{www-teragrid,
  title = {{The TeraGrid Project}},
  howpublished = {Web Page},
  url = {http://www.teragrid.org/}
}

@MISC{xcat,
  title = {{xCAT Extreme Cloud Administration Toolkit}},
  url = {http://xcat.sourceforge.net/}
}

@MISC{www-fg,
  title = {{FutureGrid}},
  howpublished = {Web Page},
  year = {2009},
  publisher = {Indiana University},
  url = {http://www.futuregrid.org}
}

@comment{jabref-meta: selector_publisher:}

@comment{jabref-meta: selector_author:}

@comment{jabref-meta: selector_journal:}

@comment{jabref-meta: selector_keywords:}

