


@techreport{asanovic2006landscape,
  title={The landscape of parallel computing research: A view from Berkeley},
  author={Asanovic, Krste and Bodik, Ras and Catanzaro, Bryan Christopher and Gebis, Joseph James and Husbands, Parry and Keutzer, Kurt and Patterson, David A and Plishker, William Lester and Shalf, John and Williams, Samuel Webb and others},
  year={2006},
  institution={Technical Report UCB/EECS-2006-183, EECS Department, University of California, Berkeley}
}


@article{shainer2011development,
  title={The development of Mellanox/NVIDIA GPUDirect over InfiniBand—a new model for GPU to GPU communications},
  author={Shainer, Gilad and Ayoub, Ali and Lui, Pak and Liu, Tong and Kagan, Michael and Trott, Christian R and Scantlen, Greg and Crozier, Paul S},
  journal={Computer Science-Research and Development},
  volume={26},
  number={3-4},
  pages={267--273},
  year={2011},
  publisher={Springer}
}

@article{owens2008gpu,
  title={GPU computing},
  author={Owens, John D and Houston, Mike and Luebke, David and Green, Simon and Stone, John E and Phillips, James C},
  journal={Proceedings of the IEEE},
  volume={96},
  number={5},
  pages={879--899},
  year={2008},
  publisher={IEEE}
}

@article{fox2013futuregrid,
  title={FutureGrid—A reconfigurable testbed for Cloud, HPC and Grid Computing},
  author={Fox, Geoffrey and von Laszewski, Gregor and Diaz, Javier and Keahey, Kate and Fortes, Jose and Figueiredo, Renato and Smallen, Shava and Smith, Warren and Grimshaw, Andrew},
  journal={Contemporary High Performance Computing: From Petascale toward Exascale, Computational Science. Chapman and Hall/CRC},
  year={2013}
}

@INPROCEEDINGS{Liu2010, 
author={Jiuxing Liu}, 
booktitle={Parallel Distributed Processing (IPDPS), 2010 IEEE International Symposium on}, 
title={Evaluating standard-based self-virtualizing devices: A performance study on 10 GbE NICs with SR-IOV support}, 
year={2010}, 
month={April}, 
pages={1-12}, 
keywords={local area networks;network interfaces;peripheral interfaces;virtual machines;Ethernet NIC;IRQ affinity;IRQ distribution;PCI Express device;PCIe device;SR-IOV support;TCP communication;kernel-based virtual machine;multiple processor;software-based I/O virtualization;standard-based self-virtualizing device;Bandwidth;Checkpointing;Degradation;Ethernet networks;Hardware;High-speed networks;Measurement;Switches;Virtual machining;Virtual manufacturing;10 Gigabit Ethernet;I/O;KVM;SR-IOV;VM;virtio;virtual machine;virtualization}, 
doi={10.1109/IPDPS.2010.5470365}, 
ISSN={1530-2075},}


@INPROCEEDINGS{Younge2014hpgc,
  title={{Evaluating GPU Passthrough in Xen for High Performance Cloud Computing}},
  author={Andrew J. Younge and John Paul Walters and Stephen Crago and Geoffrey C. Fox},
  booktitle={High-Performance Grid and Cloud Computing Workshop at the 28th IEEE International Parallel and Distributed Processing Symposium},
  address = {Pheonix, AZ},
  month = {05/2014},
  year = "{2014}",
  organization = {IEEE},
  publisher = {IEEE},
  owner = {ajy4490},
  timestamp = {2014.03.31}
}


@MISC{www-chameleon,
  author = {Kate Keahey and Joe Mambretti and Dhabaleswar K. Panda and Paul Rad and Warren Smith and Dan Stanzione},
  title = {NSF Chameleon Cloud},
  howpublished = {website},
  url={http://www.chameleoncloud.org/},
  month = {November},
  year = {2014}
}


@techreport{armmmu,
  title={ARM System Memory Management Unit Architecture Specification},
  author={ARM Limited},
  institution={ARM Limited},
  year={2013}
}

@techreport{amdiommu,
  title={{AMD} I/O Virtualization Technology {(IOMMU)} Specification},
  author={AMD},
  institution={AMD Corporation},
  year={2009}
}


@techreport{intelvirtualization,
  title={Enabling Intel® Virtualization Technology Features and Benefits},
  author={Marco Righini},
  institution={Intel Corporation},
  year={2010}
}

@book{jennings2010cloud,
  title={Cloud Computing with the Windows Azure Platform},
  author={Jennings, Roger},
  year={2010},
  publisher={John Wiley \& Sons}
}

@article{Ramakrishnan2012,
 author = {Ramakrishnan, Lavanya and Canon, R. Shane and Muriki, Krishna and Sakrejda, Iwona and Wright, Nicholas J.},
 title = {Evaluating Interconnect and Virtualization Performance forHigh Performance Computing},
 journal = {SIGMETRICS Perform. Eval. Rev.},
 issue_date = {September 2012},
 volume = {40},
 number = {2},
 month = oct,
 year = {2012},
 issn = {0163-5999},
 pages = {55--60},
 numpages = {6},
 url = {http://doi.acm.org/10.1145/2381056.2381071},
 doi = {10.1145/2381056.2381071},
 acmid = {2381071},
 publisher = {ACM},
 address = {New York, NY, USA},
 keywords = {HPC, MPI, cloud computing, infiniband, interconnect, performance},
} 

@inproceedings{hazelhurst2008scientific,
  title={Scientific computing using virtual high-performance computing: a case study using the Amazon elastic computing cloud},
  author={Hazelhurst, Scott},
  booktitle={Proceedings of the 2008 annual research conference of the South African Institute of Computer Scientists and Information Technologists on IT research in developing countries: riding the wave of technology},
  pages={94--103},
  year={2008},
  organization={ACM}
}

@article{amazon2010,
  title={Amazon elastic compute cloud (Amazon EC2)},
  author={Amazon, EC},
  journal={Amazon Elastic Compute Cloud (Amazon EC2)},
  year={2010}
}


@inproceedings{RuivoAGTKNR14,
   author              = {Tiago Pais Pitta De Lacerda Ruivo and 
                          Gerard Bernabeu Altayo and 
                          Gabriele Garzoglio and 
                          Steven Timm and 
                          Hyunwoo Kim and 
                          Seo-Young Noh and 
                          Ioan Raicu},
   title               = {Exploring Infiniband Hardware Virtualization in OpenNebula towards Efficient High-Performance Computing.},
   booktitle           = {CCGRID},
   year                = {2014},
   pages               = {943-948},
   ee                  = {http://dx.doi.org/10.1109/CCGrid.2014.90},
}



@MISC{www-google-platform,
  title = {Google Cloud Platform},
  howpublished = "\url{https://cloud.google.com/}",
  note = {Last Access Nov. 2014}
}

@MISC{www-openstack-flavors,
  title = {OpenStack Flavors},
  howpublished = "\url{http://docs.openstack.org/openstack-ops/content/flavors.html}",
  note = {Last Access Nov. 2014}
}

@MISC{www-amazon-gpu,
  title = {AWS High Performance Computing},
  howpublished = "\url{http://aws.amazon.com/hpc/}",
  note = {Last Access Nov. 2014}
}


@inproceedings{jose2013sr,
  title={SR-IOV Support for Virtualization on InfiniBand Clusters: Early Experience},
  author={Jose, Jithin and Li, Mingzhe and Lu, Xiaoyi and Kandalla, Krishna Chaitanya and Arnold, Mark Daniel and Panda, Dhabaleswar K},
  booktitle={Cluster, Cloud and Grid Computing (CCGrid), 2013 13th IEEE/ACM International Symposium on},
  pages={385--392},
  year={2013},
  organization={IEEE}
}

@inproceedings{huber2011evaluating,
  title={Evaluating and Modeling Virtualization Performance Overhead for Cloud Environments.},
  author={Huber, Nikolaus and von Quast, Marcel and Hauck, Michael and Kounev, Samuel},
  booktitle={CLOSER},
  pages={563--573},
  year={2011}
}

@inproceedings{Luszczek:2011:EHC,
 author = {Luszczek, Piotr and Meek, Eric and Moore, Shirley and Terpstra, Dan and Weaver, Vincent M. and Dongarra, Jack},
 title = {Evaluation of the HPC Challenge Benchmarks in Virtualized Environments},
 booktitle = {Proceedings of the 2011 International Conference on Parallel Processing - Volume 2},
 series = {Euro-Par'11},
 year = {2012},
 location = {Bordeaux, France},
 pages = {436--445},
 numpages = {10},
 publisher = {Springer-Verlag},
 address = {Berlin, Heidelberg},
} 


@inproceedings{moore2014gateways,
  title={Gateways to Discovery: Cyberinfrastructure for the Long Tail of Science},
  author={Moore, Richard L and Baru, Chaitan and Baxter, Diane and Fox, Geoffrey C and Majumdar, Amit and Papadopoulos, Phillip and Pfeiffer, Wayne and Sinkovits, Robert S and Strande, Shawn and Tatineni, Mahidhar and others},
  booktitle={Proceedings of the 2014 Annual Conference on Extreme Science and Engineering Discovery Environment},
  pages={39},
  year={2014},
  organization={ACM}
}


@inproceedings{Vu2014,
 author = {Vu, Lan and Sivaraman, Hari and Bidarkar, Rishi},
 title = {GPU Virtualization for High Performance General Purpose Computing on the ESX Hypervisor},
 booktitle = {Proceedings of the High Performance Computing Symposium},
 series = {HPC '14},
 year = {2014},
 location = {Tampa, Florida},
 pages = {2:1--2:8},
 articleno = {2},
 numpages = {8},
 url = {http://dl.acm.org/citation.cfm?id=2663510.2663512},
 acmid = {2663512},
 publisher = {Society for Computer Simulation International},
 address = {San Diego, CA, USA},
 keywords = {CUDA, GPGPU, high performance computing, virtual machine, virtualization},
} 

@INPROCEEDINGS{Musleh2014cloud,
  title={{Bridging the Virtualization Performance Gap for HPC using SR-IOV for InfiniBand}},
  author={Malek Musleh and Vijay Pai and John Paul Walters and Andrew J. Younge and Stephen P. Crago},
  booktitle={Proceedings of the 7th IEEE International Conference on Cloud Computing (CLOUD 2014)},
  address = {Anchorage, AK},
  year = "{2014}",
  publisher = {IEEE},
  owner = {ajy4490},
  timestamp = {2014.04.07}
}

@INPROCEEDINGS{Walters2014cloud,
  title={{GPU-Passthrough Performance: A Comparison of KVM, Xen, VMWare ESXi, and LXC for CUDA and OpenCL Applications}},
  author={John Paul Walters and Andrew J. Younge and Dong-In Kang and Ke-Thia Yao and Mikyung Kang and Stephen P. Crago and Geoffrey C. Fox},
  booktitle={Proceedings of the 7th IEEE International Conference on Cloud Computing (CLOUD 2014)},
  address = {Anchorage, AK},
  year = "{2014}",
  publisher = {IEEE},
  owner = {ajy4490},
  timestamp = {2014.03.31}
}



@INPROCEEDINGS{Jha2014apache,
  author    = {Shantenu Jha and
               Judy Qiu and
               Andr{\'e} Luckow and
               Pradeep Kumar Mantha and
               Geoffrey C. Fox},
  title     = {A Tale of Two Data-Intensive Paradigms: Applications, Abstractions,
               and Architectures},
  booktitle = {Proceedings of the 3rd International Congress on Big Data},
  year      = {2014},
}



@misc{sdsc2014comet,
  author = {Michael Norman and Richard Moore},
  title = {{NSF} Awards 12 Million to SDSC to Deploy Comet Supercomputer},
  howpublished = {Web page},
  Institution = {San Diego Supercomputing Center},
  year = {2013}
}


@book{pepple2011deploying,
  title={Deploying OpenStack},
  author={Pepple, Ken},
  year={2011},
  publisher={O'Reilly Media, Inc.}
}

@article{plimpton2007lammps,
  title={LAMMPS-large-scale atomic/molecular massively parallel simulator},
  author={Plimpton, S and Crozier, P and Thompson, A},
  journal={Sandia National Laboratories},
  year={2007}
}


@misc{GPUDirect,
title = {{NVIDIA GPUDirect}},
howpublished = "\url{https://developer.nvidia.com/gpudirect}",
note = "[Online; accessed Nov. 24, 2014]",
} 

@misc{Phi,
title = {{Getting Xen working for Intel(R) Xeon Phi(tm) Coprocessor}},
howpublished = "\url{https://software.intel.com/en-us/articles/getting-xen-working-for-intelr-xeon-phitm-coprocessor}",
note = "[Online; accessed Nov. 24, 2014]",
} 

@misc{ML2,
title = {{Mellanox Neutron Plugin}},
howpublished = "\url{https://wiki.openstack.org/wiki/Mellanox-Neutron}",
note = "[Online; accessed Nov. 24, 2014]",
}




@inproceedings{anderson2010hoomd,
  title={HOOMD-blue, general-purpose many-body dynamics on the GPU},
  author={Anderson, Joshua and Keys, Aaron and Phillips, Carolyn and Dac Nguyen, Trung and Glotzer, Sharon},
  booktitle={APS Meeting Abstracts},
  volume={1},
  pages={18008},
  year={2010}
}

